;Id;TimeStamp;Quantity;Price;Total;FillType;OrderType;Uuid;usd
0;53510233;2020-02-26T23:06:18.88;0.00087112;8814.307;7.67831911384;FILL;SELL;2a00207a-0db7-4d05-b752-88d18b6e10bf;USD-BTC
1;53510232;2020-02-26T23:06:18.88;0.00030391;8814.307;2.67875604037;FILL;SELL;77f34443-aeba-4770-9604-4bfb2403cef2;USD-BTC
2;53510222;2020-02-26T23:06:05.04;0.00209452;8815.473;18.46418450796;FILL;BUY;65b2fa05-80a8-4c03-b0e8-dc7d6bfdc8e5;USD-BTC
3;53510213;2020-02-26T23:05:54.15;0.0003472;8816.772;3.0611832384;FILL;BUY;e7fc3047-251a-4c01-8538-81fd4f612b96;USD-BTC
4;53510212;2020-02-26T23:05:54.04;0.0009967;8816.772;8.7876766524;FILL;BUY;ed030875-d833-4b87-ad4a-a071e6d6712a;USD-BTC
5;53510210;2020-02-26T23:05:53.08;0.0003968;8816.772;3.4984951296;FILL;BUY;7398391e-9e5b-4809-ad0c-57d364f3de59;USD-BTC
6;53510209;2020-02-26T23:05:52.99;0.00113915;8816.772;10.0436258238;FILL;BUY;6f324a81-f409-4364-b5a1-61f0016a6541;USD-BTC
7;53510208;2020-02-26T23:05:52.04;0.00130184;8817.432;11.47888567488;FILL;SELL;cd795c41-1480-4574-b6b6-3d87486ac96f;USD-BTC
8;53510207;2020-02-26T23:05:52.04;0.00045348;8817.432;3.99852906336;FILL;SELL;c555cd30-d3b9-4301-89c5-9cbf48be3697;USD-BTC
9;53510206;2020-02-26T23:05:50.33;0.02094528;8818.13;184.6982019264;FILL;BUY;03936341-48b4-46bf-8fcd-83b697e7f7a3;USD-BTC
10;53510192;2020-02-26T23:05:37.86;0.0115199;8820.562;101.6119921838;FILL;BUY;c5e16099-c379-4d64-9de9-98664e2184bd;USD-BTC
11;53510182;2020-02-26T23:05:27.96;0.03341652;8814.606;294.55345769112;FILL;BUY;0f58d2b5-b365-45c7-bebf-9e34ba7a0533;USD-BTC
12;53510147;2020-02-26T23:05:06.44;0.61163031;8809.886;5388.39330524466;FILL;SELL;d9c1955f-1df9-4c7b-9d42-12adbf7a6dde;USD-BTC
13;53510146;2020-02-26T23:05:06.44;0.00051871;8809.887;4.56977648577;FILL;SELL;46842453-4c47-4cc5-91c9-da5c62e35c2c;USD-BTC
14;53510145;2020-02-26T23:05:06.44;0.00149045;8809.887;13.13069607915;FILL;SELL;aa7b4cd7-49fc-4c03-b6f4-450ff8b4b43c;USD-BTC
15;53510141;2020-02-26T23:05:00.97;0.00170228;8815.183;15.00590971724;FILL;SELL;f54d7384-6955-46ff-b685-90a2bb87384a;USD-BTC
16;53510140;2020-02-26T23:05:00.97;0.00059246;8815.183;5.22264332018;FILL;SELL;b4f6a830-332a-41c6-acbd-4d6e542165f5;USD-BTC
17;53510133;2020-02-26T23:04:51.07;0.00880485;8815.182;77.6163552327;FILL;SELL;78f35867-2e09-4a8a-bcd7-3a27a8d511d3;USD-BTC
18;53510132;2020-02-26T23:04:51.07;0.0002983;8815.183;2.6295690889;FILL;SELL;b86cf46a-f9c1-44d2-a10b-9194d2cdebf8;USD-BTC
19;53510125;2020-02-26T23:04:32.63;0.02142489;8813.203;188.82190482267;FILL;BUY;2c2345d7-ead4-4938-a031-0caaf9785ae8;USD-BTC
20;53510099;2020-02-26T23:04:23.6;0.11179212;8810.41;984.9344119692;FILL;BUY;380ed4b2-3247-44c7-afb9-100c72da3c86;USD-BTC
21;53510097;2020-02-26T23:04:20.47;0.08399616;8810.377;740.03783615232;FILL;BUY;cb9b0c3e-8262-493a-a6b9-edabd9e87539;USD-BTC
22;53510095;2020-02-26T23:04:11.44;0.01596364;8810.482;140.64736287448;FILL;BUY;00423dff-9859-40a4-9852-a16fdc7b6fd4;USD-BTC
23;53510087;2020-02-26T23:04:06.41;0.2022;8808.53;1781.084766;FILL;BUY;09e0efda-ae7c-4d20-a074-aec859b1624d;USD-BTC
24;53510086;2020-02-26T23:04:06.41;0.2;8808.529;1761.7058;FILL;BUY;c31e67e8-973c-4b10-9003-6dd9c8aadb61;USD-BTC
25;53510075;2020-02-26T23:03:51.6;0.03;8797.847;263.93541;FILL;SELL;889e60cf-dd9c-4652-9476-e5836b0e647c;USD-BTC
26;53510005;2020-02-26T23:02:06.85;0.00484947;8784.178;42.59860768566;FILL;SELL;5caf5af1-4e26-4018-be67-b9d59987c85e;USD-BTC
27;53509980;2020-02-26T23:01:26.24;0.02131402;8787.748;187.30223662696;FILL;BUY;eb64061a-8ae0-475a-b026-325b2a5153bd;USD-BTC
28;53509951;2020-02-26T23:00:44.25;0.00262272;8787.694;23.04766080768;FILL;BUY;2bb9a90f-3c9f-4054-94c2-6ede26b6ee09;USD-BTC
29;53509934;2020-02-26T23:00:37.91;0.0008;8789.306;7.0314448;FILL;BUY;990881c6-3c49-4cc2-a881-11dcaf9832df;USD-BTC
30;53509933;2020-02-26T23:00:37.55;0.262272;8789.306;2305.188863232;FILL;BUY;8cb25ca0-6973-4c7a-9da9-ab556aa06c55;USD-BTC
31;53509843;2020-02-26T22:59:28.63;0.00030654;8789.599;2.69436367746;FILL;SELL;e7b66ba5-01bd-4fa5-b2b0-66df986da3ab;USD-BTC
32;53509842;2020-02-26T22:59:28.63;0.00141775;8789.599;12.46145398225;FILL;SELL;e735d9cc-0c15-4e1a-81ff-694363fe4ae2;USD-BTC
33;53509841;2020-02-26T22:59:28.63;0.00034418;8789.599;3.02520418382;FILL;SELL;fcbc6102-65c8-404f-a1a5-0518ef81318c;USD-BTC
34;53509814;2020-02-26T22:58:45.44;0.00440616;8795.589;38.75477242824;FILL;BUY;b13db7b6-eb91-436d-92dc-a7507fcba175;USD-BTC
35;53509778;2020-02-26T22:58:26.96;0.00585132;8795.59;51.4658116788;FILL;BUY;d8f67181-e0ff-4db1-8fba-9793d6668edd;USD-BTC
36;53509756;2020-02-26T22:57:43.17;0.0062974;8796.781;55.3968486694;FILL;BUY;4f0e9c64-1cff-4374-9f60-3a36827f66f4;USD-BTC
37;53509744;2020-02-26T22:57:32.17;0.27867967;8793.902;2450.68170737234;FILL;SELL;ab395c77-34f6-4350-9e37-708546ab44bf;USD-BTC
38;53509743;2020-02-26T22:57:32.17;0.1;8793.903;879.3903;FILL;SELL;d88ddb7f-f250-46ce-abab-6b98589a8812;USD-BTC
39;53509715;2020-02-26T22:56:57.78;1.70065;8796.726;14960.1520719;FILL;BUY;a99da782-f730-4529-ab3b-7d72592ad206;USD-BTC
40;53509714;2020-02-26T22:56:57.78;0.2;8796.724;1759.3448;FILL;BUY;a71f7d15-00b5-449d-abd9-d3807f09cf52;USD-BTC
41;53509695;2020-02-26T22:56:20.41;0.00264045;8791.287;23.21295375915;FILL;SELL;9d690c8e-2138-4efb-8fe0-d5420fb5b295;USD-BTC
42;53509642;2020-02-26T22:54:55.53;0.05941866;8790.082;522.29489373012;FILL;SELL;1383d024-f1cc-43a9-ae05-74ff50203f8d;USD-BTC
43;53509609;2020-02-26T22:53:59;0.003;8790.0;26.37;FILL;SELL;6d6c2014-ea25-4e87-bb87-b7e4d6846c47;USD-BTC
44;53509598;2020-02-26T22:53:28.69;0.01467782;8801.589;129.18813905598;FILL;BUY;11c1f332-860a-4340-97b6-ec94fbbfc9c7;USD-BTC
45;53509538;2020-02-26T22:52:22.38;0.02830773;8802.455;249.17751947715;FILL;BUY;eb5b1f3f-5681-45dc-a618-1602f2501be2;USD-BTC
46;53509521;2020-02-26T22:52:10.49;0.10272595;8802.455;904.24055220725;FILL;BUY;73d1c737-d653-4c5c-8ab1-884ad775a81c;USD-BTC
47;53509479;2020-02-26T22:51:39.47;0.02820891;8797.223;248.16007185693;FILL;SELL;985e4c32-b596-456e-876e-612ad13c0330;USD-BTC
48;53509474;2020-02-26T22:51:32.39;0.00027039;8803.402;2.38035186678;FILL;SELL;e740a86e-f0a8-48b3-9605-5c0409ec0198;USD-BTC
49;53509473;2020-02-26T22:51:32.39;0.27938298;8803.402;2459.52068489796;FILL;SELL;5278d184-6c92-4014-bcab-bac1f9ba55ba;USD-BTC
50;53509459;2020-02-26T22:51:13.69;0.00523776;8807.421;46.13115741696;FILL;BUY;ac991568-581a-4316-9689-34e68b6dc51d;USD-BTC
51;53509431;2020-02-26T22:50:38.11;0.00089723;8803.002;7.89831748446;FILL;SELL;8d581b1c-d250-40d7-aeda-d9756321ff1a;USD-BTC
52;53509430;2020-02-26T22:50:38.11;0.00031705;8804.965;2.79161415325;FILL;SELL;1e5238a1-d463-4e7c-86c7-8cfcca5078a5;USD-BTC
53;53509405;2020-02-26T22:50:21.17;0.45762701;8809.383;4031.41160223483;FILL;SELL;7b8ffc3f-73e4-4296-8040-d105669bcd85;USD-BTC
54;53509404;2020-02-26T22:50:21.17;0.00036669;8809.485;3.23035005465;FILL;SELL;fa188f06-7b17-4d52-904c-345f47653e20;USD-BTC
55;53509387;2020-02-26T22:50:11.81;0.0020951;8810.901;18.4597186851;FILL;BUY;a6833e21-b61c-4f3b-a09e-ef2fb7e8044f;USD-BTC
56;53509368;2020-02-26T22:49:57.8;0.37;8809.941;3259.67817;FILL;BUY;f8541fdd-0b7f-40c1-906d-7b58d6f8b5d2;USD-BTC
57;53509367;2020-02-26T22:49:56.89;0.00157233;8809.941;13.85213453253;FILL;BUY;c62222f3-da21-4043-afef-628d92d189dc;USD-BTC
58;53509357;2020-02-26T22:49:42.46;0.11170008;8809.383;984.00878585064;FILL;SELL;39c2ebac-8dcb-4d4f-a429-290db75e8ef8;USD-BTC
59;53509330;2020-02-26T22:49:28.46;0.00314467;8808.006;27.69827222802;FILL;BUY;9aa9c42b-568f-43b7-90b3-47c0ca260b41;USD-BTC
60;53509309;2020-02-26T22:49:17.35;0.0;8805.686;0.0;FILL;BUY;d74e3497-fcb0-4c14-896b-3973b4d3ce6a;USD-BTC
61;53509308;2020-02-26T22:49:17.35;0.02980789;8805.686;262.47891966254;FILL;BUY;63d7946d-6a71-4afa-8851-fe8edfc99d28;USD-BTC
62;53509175;2020-02-26T22:47:23.02;0.02865623;8797.223;252.09524564929;FILL;SELL;747442a9-345e-4152-a374-9b9e243b99a4;USD-BTC
63;53509098;2020-02-26T22:45:25.91;0.1;8816.0;881.6;FILL;SELL;60a10b86-7268-49e8-9414-adc73befc49a;USD-BTC
64;53509095;2020-02-26T22:45:25.09;0.0008;8817.635;7.054108;FILL;BUY;5059d36c-bbe2-40f4-b915-bd32104b74ce;USD-BTC
65;53509094;2020-02-26T22:45:24.74;0.00627724;8816.661;55.34429709564;FILL;BUY;d646bd1c-7dca-43d7-b4a4-d5f8bd029586;USD-BTC
66;53509075;2020-02-26T22:45:02.8;0.0582481;8819.966;513.7462615646;FILL;BUY;d86f15f2-166a-45d9-a1a4-873c3f199d5b;USD-BTC
67;53509073;2020-02-26T22:45:00.63;0.00065;8819.966;5.7329779;FILL;BUY;df9b2ba8-1350-41c2-b15b-186c845cc6a7;USD-BTC
68;53509068;2020-02-26T22:44:54.97;0.02299334;8819.966;202.80047702644;FILL;BUY;fb656fb5-c928-4ee1-8016-b0ec724618a4;USD-BTC
69;53509038;2020-02-26T22:44:05.81;0.02090304;8820.756;184.38061549824;FILL;BUY;77ade076-a074-4c48-beae-2f938796e3b4;USD-BTC
70;53508997;2020-02-26T22:43:03.98;0.00030976;8819.827;2.73202961152;FILL;SELL;dd47fa67-afb7-4d44-a79f-99115b999900;USD-BTC
71;53508996;2020-02-26T22:43:03.98;0.00063895;8819.827;5.63542846165;FILL;SELL;0804e41a-47c5-447e-b126-88edfff18b52;USD-BTC
72;53508995;2020-02-26T22:43:03.98;0.03341652;8819.827;294.72792534204;FILL;SELL;2f68fd79-c3b3-4102-ac5f-aed28f371356;USD-BTC
73;53508970;2020-02-26T22:42:47.94;0.00031513;8821.676;2.77997475788;FILL;SELL;b03f3d16-c157-4e99-a6e8-a29e5b6e1fe9;USD-BTC
74;53508969;2020-02-26T22:42:47.94;0.03341652;8821.676;294.78971248752;FILL;SELL;41aa7d89-11a6-4f19-91d3-f8e905b38ae6;USD-BTC
75;53508953;2020-02-26T22:42:26.56;0.00226874;8825.0;20.0216305;FILL;SELL;20cb45a6-c551-47e2-8503-789a05abee8a;USD-BTC
76;53508952;2020-02-26T22:42:25.19;0.58;8825.0;5118.5;FILL;SELL;821ba778-fb9a-418c-b191-71ba5a910a3b;USD-BTC
77;53508951;2020-02-26T22:42:22.8;0.0272;8831.122;240.2065184;FILL;BUY;f1875957-7528-4320-b7fb-54cb06bb0a77;USD-BTC
78;53508931;2020-02-26T22:42:03.59;0.00165596;8825.201;14.61417984796;FILL;SELL;74830f17-6a76-4bfb-8dcd-386f1cd1cd6c;USD-BTC
79;53508913;2020-02-26T22:41:42.77;0.33;8825.0;2912.25;FILL;BUY;e4f9449e-b450-450f-ab59-16cf251a4355;USD-BTC
80;53508912;2020-02-26T22:41:42.36;0.15;8825.0;1323.75;FILL;BUY;214df3b7-a5e0-42cf-9074-c1fbacd93019;USD-BTC
81;53508889;2020-02-26T22:41:32.08;0.82;8825.0;7236.5;FILL;BUY;cc6942ad-3f95-41e9-9fbc-2a35120c186e;USD-BTC
82;53508875;2020-02-26T22:41:26.91;0.00061231;8822.433;5.40206395023;FILL;SELL;d30b2860-ae82-4106-8418-f8df6886e753;USD-BTC
83;53508871;2020-02-26T22:41:26.84;0.0570488;8822.433;503.3092157304;FILL;SELL;2c32528d-2fc7-45b1-843c-b77fb1ab2022;USD-BTC
84;53508847;2020-02-26T22:41:15.78;0.9;8825.0;7942.5;FILL;BUY;c43b2cd9-b6ce-4536-a077-81e534df33ea;USD-BTC
85;53508846;2020-02-26T22:41:14.73;0.9;8825.0;7942.5;FILL;BUY;4482cc0f-9e14-41f3-9370-2912b2f0e66e;USD-BTC
86;53508845;2020-02-26T22:41:14.02;0.9;8825.0;7942.5;FILL;BUY;9b715dcf-7b4b-4d16-b74e-9261ba558475;USD-BTC
87;53508780;2020-02-26T22:40:19.53;0.2;8812.155;1762.431;FILL;BUY;cae95245-a4b9-42af-9d75-8c6a08da4ca7;USD-BTC
88;53508747;2020-02-26T22:39:52.36;0.85877408;8811.855;7567.3926707184;FILL;BUY;6af66095-2252-4836-a4b4-37badcf59914;USD-BTC
89;53508746;2020-02-26T22:39:52.36;0.15509598;8811.854;1366.68313174692;FILL;BUY;3f1275ba-03d3-4988-8fff-acf8cbaa98fa;USD-BTC
90;53508745;2020-02-26T22:39:52.36;0.00114667;8809.958;10.10211453986;FILL;BUY;ab4fea2e-96de-4670-a290-b783a89d2b57;USD-BTC
91;53508733;2020-02-26T22:39:35.05;0.45866497;8809.958;4040.81912177126;FILL;BUY;56c8a5c9-fbbe-4579-ae9c-e33b51dcf1eb;USD-BTC
92;53508729;2020-02-26T22:39:29.77;0.00314064;8809.958;27.66890649312;FILL;BUY;3a427f31-eb80-401c-8d67-4458720ce182;USD-BTC
93;53508726;2020-02-26T22:39:28.45;1.29667898;8808.913;11422.33232374874;FILL;BUY;9aa44834-4290-4e16-8ee5-cef08088d35e;USD-BTC
94;53508725;2020-02-26T22:39:28.45;0.03173151;8808.912;279.52007921712;FILL;BUY;9d65f384-d79a-4cdd-a9ac-1ce9ad6ee7e8;USD-BTC
95;53508703;2020-02-26T22:39:07.25;0.004;8809.139;35.236556;FILL;SELL;907f5f69-8c4b-4404-bce3-7487a027b92a;USD-BTC
96;53508702;2020-02-26T22:39:07.25;0.0098;8809.653;86.3345994;FILL;SELL;909a069d-c0b3-44f2-b1f6-2d802d2e99b4;USD-BTC
97;53508697;2020-02-26T22:39:03.5;0.026172;8809.796;230.569980912;FILL;BUY;738b56fd-fa56-422a-b8f3-a386088151cd;USD-BTC
98;53508667;2020-02-26T22:38:21.98;0.03356467;8811.569;295.75740566723;FILL;BUY;44c7d958-927e-4645-b376-c62fda0de83f;USD-BTC
99;53508643;2020-02-26T22:37:53.45;0.03;8809.915;264.29745;FILL;SELL;3f47c8af-d085-434c-9cca-b570553dd9ec;USD-BTC
100;53509956;2020-02-26T23:00:48.63;0.09232455;60.966;5.6286585153;FILL;SELL;a4736bd3-a5d9-4442-bf6d-118b18009553;USD-LTC
101;53508798;2020-02-26T22:40:40.55;0.08134047;61.124;4.97185488828;FILL;BUY;322c2827-fd83-49d2-9c47-13d1c2ec7744;USD-LTC
102;53508492;2020-02-26T22:36:06.14;0.03832292;60.978;2.33685501576;FILL;BUY;b98fe5a1-00a9-4d1b-a67a-e8a9a60ca99e;USD-LTC
103;53507418;2020-02-26T22:17:07;0.0868;60.649;5.2643332;FILL;BUY;cc697113-5b7d-435a-9cfe-b31d7c06c1f6;USD-LTC
104;53506723;2020-02-26T22:06:33.26;14.17999108;60.763;861.61879799404;FILL;BUY;f65914d3-f292-435e-a4be-6a97da7142f0;USD-LTC
105;53506545;2020-02-26T22:05:03.54;0.0305361;60.267;1.8403191387;FILL;BUY;3b006578-0dd2-4906-8029-832448628a26;USD-LTC
106;53506522;2020-02-26T22:04:57.18;0.14104138;60.258;8.49887147604;FILL;BUY;782c1ac0-05d1-4add-be41-1aacea103dcb;USD-LTC
107;53506474;2020-02-26T22:04:37.9;0.14103904;60.266;8.49985878464;FILL;BUY;b8bfd0ae-e165-4cba-8c9c-6177e5803875;USD-LTC
108;53506431;2020-02-26T22:04:09.78;0.1414639;60.267;8.5256048613;FILL;BUY;9cac6101-c065-4a46-81b7-19b5617d05ad;USD-LTC
109;53506419;2020-02-26T22:04:02.54;1.66514028;60.086;100.05161886408;FILL;SELL;a7b35f17-231a-47b5-9d02-5f069de7dd66;USD-LTC
110;53506372;2020-02-26T22:03:35.99;0.08134047;60.154;4.89295463238;FILL;SELL;70a9b4ad-576a-43fa-ab6b-4a272b99de56;USD-LTC
111;53506371;2020-02-26T22:03:35.99;0.03832292;60.154;2.30527692968;FILL;SELL;8d4203e7-bef5-4be3-b581-72e597d15f93;USD-LTC
112;53506227;2020-02-26T22:02:22.07;0.09563548;60.295;5.7663412666;FILL;SELL;e06b7f14-bd64-4752-9914-be740c600826;USD-LTC
113;53505977;2020-02-26T21:59:28.64;3.02434783;60.777;183.81078806391;FILL;SELL;99e73874-c56b-4ed8-8b82-a731027b2f5f;USD-LTC
114;53505926;2020-02-26T21:58:52.84;1.97565217;60.777;120.07421193609;FILL;SELL;7ac06696-4ded-426f-af34-410d672593ff;USD-LTC
115;53505687;2020-02-26T21:54:54.24;0.14076576;60.657;8.53842870432;FILL;BUY;0f5a4cc2-378f-450d-9cde-768c15ae99a7;USD-LTC
116;53505552;2020-02-26T21:53:25.54;4.2694206;60.384;257.8046935104;FILL;SELL;e222405c-ba01-468d-87a3-4acce65fc1f8;USD-LTC
117;53505551;2020-02-26T21:53:25.54;0.08584444;60.387;5.18388819828;FILL;SELL;e2838649-b7e7-42d5-b894-27aa524042ca;USD-LTC
118;53505550;2020-02-26T21:53:25.54;0.08098799;60.412;4.89264645188;FILL;SELL;4181fd83-1ab6-47eb-8a4a-174fd28ab7b9;USD-LTC
119;53505549;2020-02-26T21:53:25.54;11.0;60.435;664.785;FILL;SELL;fa453bad-19fd-443c-bc9a-5d1b4977e63b;USD-LTC
120;53505548;2020-02-26T21:53:25.54;16.662;60.435;1006.96797;FILL;SELL;95ac514b-8903-4ffc-8486-3b9d22610029;USD-LTC
121;53505547;2020-02-26T21:53:25.54;0.0807874;60.562;4.8926465188;FILL;SELL;7577f64d-fe15-4ed5-8baf-96d83855b15f;USD-LTC
122;53505399;2020-02-26T21:51:50.87;0.08540601;60.697;5.18388858897;FILL;SELL;735f10f3-e88e-4130-b8d7-52367ea2f977;USD-LTC
123;53505390;2020-02-26T21:51:40.13;0.0;60.707;0.0;FILL;BUY;31a135e1-205b-4bea-a18e-1011859eb99c;USD-LTC
124;53505389;2020-02-26T21:51:40.13;0.09883538;60.707;5.99999941366;FILL;BUY;215501c8-9209-408e-8d8a-28868513d8f8;USD-LTC
125;53505380;2020-02-26T21:51:32.93;0.11677377;60.708;7.08910202916;FILL;SELL;acc96fa8-c63f-4d72-a872-14ed3842f786;USD-LTC
126;53505258;2020-02-26T21:50:35.37;0.0944162;60.772;5.7378613064;FILL;SELL;4413bb5f-4732-4761-bdf7-b093072aabd5;USD-LTC
127;53505255;2020-02-26T21:50:33.68;0.09481775;60.815;5.76634146625;FILL;SELL;f6c59fd7-608a-41fb-999a-cdcd88fbcd26;USD-LTC
128;53504956;2020-02-26T21:47:51.85;0.08877569;60.972;5.41283137068;FILL;SELL;878c3fcd-28e3-4e59-af4d-f99884e4d149;USD-LTC
129;53504955;2020-02-26T21:47:51.85;0.105242;60.972;6.416815224;FILL;SELL;2f9b7219-a1a0-4313-bd5a-5c918c27c4bd;USD-LTC
130;53504954;2020-02-26T21:47:51.85;0.03832292;60.978;2.33685501576;FILL;SELL;0315afe7-26e4-431e-bd54-f0b3037301d0;USD-LTC
131;53504912;2020-02-26T21:47:31.16;0.099453;61.005;6.067130265;FILL;SELL;a3fcffef-eab7-4e46-9183-977c7c57cccf;USD-LTC
132;53504911;2020-02-26T21:47:31.16;6.0;61.01;366.06;FILL;SELL;0dbab84b-c0bb-4a8f-9288-1e14de418e65;USD-LTC
133;53504892;2020-02-26T21:47:24.65;0.09960573;61.297;6.10553243181;FILL;SELL;f5489b01-0d61-439e-b268-7e278a392185;USD-LTC
134;53504632;2020-02-26T21:44:43.38;9.23029401;61.494;567.60769985094;FILL;BUY;0f82dce1-e2e1-4da4-b1de-d56f8fdde6e7;USD-LTC
135;53504087;2020-02-26T21:38:40.63;0.11736187;61.297;7.19393054539;FILL;SELL;ee24b141-0c53-4d40-b768-66a78409847f;USD-LTC
136;53503922;2020-02-26T21:36:18.26;4.44701214;61.573;273.81587849622;FILL;BUY;4c5c6658-9653-4c33-a34b-b1ae5b2f16ff;USD-LTC
137;53503844;2020-02-26T21:35:31.74;4.22;61.492;259.49624;FILL;SELL;7de441d4-d0ff-4add-b0e5-65f769982ad6;USD-LTC
138;53503842;2020-02-26T21:35:27.54;0.0852;61.504;5.2401408;FILL;SELL;f27a62c5-e505-4db3-b8d4-7021d5876592;USD-LTC
139;53503828;2020-02-26T21:35:18.99;0.09846839;61.615;6.06712984985;FILL;SELL;2aee1859-0cea-4877-af0f-e897fcf0507e;USD-LTC
140;53503708;2020-02-26T21:34:05.88;0.08703014;61.7;5.369759638;FILL;SELL;2f191b3b-bfe6-4308-a2a5-e8ff9b031f00;USD-LTC
141;53503686;2020-02-26T21:33:51.58;15.15476343;61.897;938.03439202671;FILL;BUY;0aac3ecc-9ab1-4ef6-bbb5-f950f95e8e98;USD-LTC
142;53503685;2020-02-26T21:33:51.58;1.0;61.896;61.896;FILL;BUY;0db95917-909e-4537-b99e-e2e54f0a4414;USD-LTC
143;53502918;2020-02-26T21:21:41.5;11.85;62.056;735.3636;FILL;BUY;b337e182-9445-4a6b-a3ae-d77139962aea;USD-LTC
144;53502917;2020-02-26T21:21:41.5;4.21;62.021;261.10841;FILL;BUY;a13cdbf1-2506-4d86-a8fa-943b6214fc3f;USD-LTC
145;53502699;2020-02-26T21:17:49.19;0.0;62.224;0.0;FILL;BUY;1aa1e5a3-67b9-4026-ab9f-5f78939bc178;USD-LTC
146;53502698;2020-02-26T21:17:49.19;0.55648995;62.224;34.6270306488;FILL;BUY;013f738e-2b31-4ed7-8428-fdaa83f971ef;USD-LTC
147;53501966;2020-02-26T21:03:24.52;0.0854;61.867;5.2834418;FILL;BUY;ae31f559-2322-4dca-a9fa-13c754d3c3ed;USD-LTC
148;53501750;2020-02-26T20:58:46.33;11.2986143;61.8;698.25436374;FILL;SELL;d560178c-5c09-4999-ba9f-ed6cbf873af1;USD-LTC
149;53501710;2020-02-26T20:57:50.84;3.879;61.801;239.726079;FILL;SELL;66ec3149-8cbd-4a1e-adb2-3d99f1a239b8;USD-LTC
150;53501709;2020-02-26T20:57:50.84;16.121;61.801;996.293921;FILL;SELL;612ca83a-22b2-4791-9301-5085092c42aa;USD-LTC
151;53501307;2020-02-26T20:50:25.06;0.03832292;61.813;2.36885465396;FILL;SELL;4fba50b7-7214-4501-94bd-1236766719a0;USD-LTC
152;53501208;2020-02-26T20:49:25.14;0.36598825;62.0;22.6912715;FILL;SELL;546543f6-f1b9-41d3-89c0-2a06d60e159f;USD-LTC
153;53501169;2020-02-26T20:49:17.77;0.085;62.032;5.27272;FILL;SELL;8e47e543-4558-4b14-b4ed-19dc52fe9877;USD-LTC
154;53500836;2020-02-26T20:45:17.22;35.299282;62.35;2200.9102327;FILL;BUY;69022f80-b1f8-4807-b057-07887e47cd5a;USD-LTC
155;53500477;2020-02-26T20:38:45.98;0.24029346;62.268;14.96259316728;FILL;SELL;4e698dcf-eb81-4d61-b4db-caa5110ceeeb;USD-LTC
156;53500364;2020-02-26T20:36:15.95;3.18641186;62.597;199.45982320042;FILL;BUY;04a0ea12-831a-4d12-80ae-8c69b4e31b82;USD-LTC
157;53500343;2020-02-26T20:36:00.12;3.0;62.27;186.81;FILL;SELL;84cbde17-fc87-4606-8cf5-a2ce099cfb73;USD-LTC
158;53499919;2020-02-26T20:31:20.87;0.86437874;62.659;54.16110746966;FILL;SELL;6038db56-389f-4d08-b2c6-595cfa673ce5;USD-LTC
159;53499877;2020-02-26T20:30:51.15;0.09729834;62.659;6.09661668606;FILL;SELL;e426acf5-2225-451e-b46f-18f526a94150;USD-LTC
160;53499874;2020-02-26T20:30:47.28;0.03832292;62.659;2.40127584428;FILL;BUY;289bee86-89f8-4cd7-941c-98f310b94e5f;USD-LTC
161;53498592;2020-02-26T20:14:12.14;0.72262395;62.22;44.961662169;FILL;SELL;61938c06-57af-438f-8c9d-52eb5fcf5b26;USD-LTC
162;53498272;2020-02-26T20:09:06.59;7.804;61.991;483.777764;FILL;SELL;e5eabb79-95e7-4482-84ab-a714811f37b3;USD-LTC
163;53498132;2020-02-26T20:07:02.51;0.27737605;62.4;17.30826552;FILL;SELL;efbd338c-c2f0-4cde-aed3-bacf3da60d83;USD-LTC
164;53498110;2020-02-26T20:06:35.07;2.546;62.4;158.8704;FILL;SELL;965b6b87-b8e8-4675-bede-3f161f3da85a;USD-LTC
165;53498105;2020-02-26T20:06:33.57;8.05516889;62.4;502.642538736;FILL;SELL;8bb22000-2098-47eb-b339-67d05b057e8c;USD-LTC
166;53498095;2020-02-26T20:06:25.07;3.6900456;62.4;230.25884544;FILL;SELL;a478e178-dd8f-4b7e-915e-a859af84445a;USD-LTC
167;53497764;2020-02-26T20:00:29.57;0.26952432;62.5;16.84527;FILL;SELL;6d176fa0-b88c-4362-ab45-fd7b28be7b95;USD-LTC
168;53497757;2020-02-26T20:00:24.35;128.44933219;62.55;8034.5057284845;FILL;SELL;2f68a7b9-4aa6-47f0-b745-6df093d19292;USD-LTC
169;53497753;2020-02-26T20:00:24.04;0.47060617;62.55;29.4364159335;FILL;SELL;1ff9a10c-5105-470f-b03d-e91dbbd1e3ef;USD-LTC
170;53497722;2020-02-26T20:00:07.38;0.57171657;62.5;35.732285625;FILL;SELL;52da8904-5b73-461e-9550-fa39938f0d09;USD-LTC
171;53497650;2020-02-26T19:58:48.76;0.163;62.456;10.180328;FILL;BUY;c4fbc4d1-c280-465c-a35f-aedab91d2d0f;USD-LTC
172;53497556;2020-02-26T19:56:50.01;4.08012845;62.4;254.60001528;FILL;BUY;27edb482-c3a9-4045-8cd6-a706d3da13f4;USD-LTC
173;53497548;2020-02-26T19:56:35.46;0.66966723;62.222;41.66803438506;FILL;SELL;51098c53-52e0-40e5-bf96-0769c760d94d;USD-LTC
174;53497446;2020-02-26T19:54:30.71;0.9879;62.14;61.388106;FILL;SELL;85e29817-9eea-4650-8073-d9e94132c27f;USD-LTC
175;53496696;2020-02-26T19:43:45.77;8.26e-06;62.2;0.000513772;FILL;BUY;2513eb74-5647-42ca-ad1f-f0d46dd3c543;USD-LTC
176;53496617;2020-02-26T19:42:21.93;8.2653032;62.2;514.10185904;FILL;BUY;87844471-66d6-4d99-a645-143a8a516f15;USD-LTC
177;53496614;2020-02-26T19:42:20.33;1.144363;62.2;71.1793786;FILL;BUY;ebebff6b-a617-4f34-8540-03b57484df4c;USD-LTC
178;53496608;2020-02-26T19:42:11.8;2.495804;62.2;155.2390088;FILL;BUY;25f0bdbd-f54e-4763-b236-8bd3bdd69032;USD-LTC
179;53496588;2020-02-26T19:41:39.88;6.0233547;62.2;374.65266234;FILL;BUY;58937569-9264-4b6c-ad31-d9d4e1148717;USD-LTC
180;53496476;2020-02-26T19:40:02.74;0.26395217;62.157;16.40647503069;FILL;BUY;847549e5-b5ed-4913-aebb-ddfd896645e0;USD-LTC
181;53496079;2020-02-26T19:33:54.11;2.20963442;62.157;137.34424664394;FILL;SELL;bd076e02-07c8-47e9-85b4-c794e77932df;USD-LTC
182;53495911;2020-02-26T19:32:41.69;0.0;62.261;0.0;FILL;BUY;f8a7d902-398d-4382-8f60-53158047547b;USD-LTC
183;53495910;2020-02-26T19:32:41.69;2.00267068;62.261;124.68827920748;FILL;BUY;bd43f188-7b1e-411c-9fc8-47ac82de8369;USD-LTC
184;53495858;2020-02-26T19:32:17.42;1.0;62.157;62.157;FILL;BUY;73d8585e-be81-4d92-ab4b-cb5b64931e0a;USD-LTC
185;53495262;2020-02-26T19:24:16.35;8.69938473;61.481;534.84687258513;FILL;SELL;984f475a-6fcd-4da0-955b-a51040828213;USD-LTC
186;53495261;2020-02-26T19:24:16.35;6.2283003;61.481;382.9221307443;FILL;SELL;c2efc5d4-481a-47e1-b552-4a036fcc752b;USD-LTC
187;53495247;2020-02-26T19:24:06.42;0.0857;61.63;5.281691;FILL;SELL;4dd2e4e5-7e2d-439b-b6c2-ff0451cba3f9;USD-LTC
188;53495244;2020-02-26T19:24:04.32;0.0857;61.623;5.2810911;FILL;BUY;cf176898-a6f2-4107-abc5-a5da51016a63;USD-LTC
189;53494540;2020-02-26T19:15:03.27;0.0852;61.45;5.23554;FILL;SELL;858f72bd-879f-4284-a473-c99d54e9eb93;USD-LTC
190;53494326;2020-02-26T19:12:53.47;11.0;61.475;676.225;FILL;SELL;116ebc40-d4b9-4de3-80b5-7e9b9f1aaa9a;USD-LTC
191;53494099;2020-02-26T19:11:30.37;5.66256927;61.636;349.01811952572;FILL;SELL;c5f3e34f-11dc-46f1-a6eb-6b371e3f7724;USD-LTC
192;53494002;2020-02-26T19:10:40.42;1.0;62.211;62.211;FILL;BUY;acd4ea13-9fbe-4a55-8bf1-7f8f3c8c7092;USD-LTC
193;53493939;2020-02-26T19:10:05.41;0.08440476;62.238;5.25318345288;FILL;BUY;cf9462c2-1844-4e5d-aa2e-e5c00696cd78;USD-LTC
194;53492605;2020-02-26T19:00:16.03;9.7568717;62.308;607.9311618836;FILL;BUY;76f1d29c-14b9-44c2-a89b-ca69c5f6707f;USD-LTC
195;53492604;2020-02-26T19:00:16.03;0.163;62.239;10.144957;FILL;BUY;68fe90a6-70f5-4446-90d8-b559baceb58a;USD-LTC
196;53492603;2020-02-26T19:00:16.03;0.0801283;62.178;4.9822174374;FILL;BUY;c908056b-23d8-4f3f-aa12-58b5b6df19b3;USD-LTC
197;53492593;2020-02-26T19:00:13.64;1.20450838;62.103;74.80358392314;FILL;SELL;bb116d0b-9635-4fb0-867b-5d715a0d7f79;USD-LTC
198;53492587;2020-02-26T19:00:11.33;0.06131752;62.103;3.80800194456;FILL;SELL;9ce53632-70f6-4dbe-87c3-677ff4ad7e78;USD-LTC
199;53492586;2020-02-26T19:00:11.33;1.0;62.104;62.104;FILL;SELL;d54fdcdc-75be-4c71-8724-b7e32afb313d;USD-LTC
200;53510187;2020-02-26T23:05:34.94;0.18343435;226.912;41.6234552272;FILL;BUY;8b27aa35-19dc-4954-8b0c-39ca042d310b;USD-ETH
201;53510186;2020-02-26T23:05:34.94;0.11959595;226.912;27.1377562064;FILL;BUY;2a4e160b-6324-4034-9910-0e5769e55c17;USD-ETH
202;53510185;2020-02-26T23:05:34.94;0.15030303;226.912;34.10556114336;FILL;BUY;f8716c5c-02dd-43b0-83c0-3b0b58e6c76d;USD-ETH
203;53510104;2020-02-26T23:04:24.57;0.219;226.402;49.582038;FILL;BUY;bcee73b1-58a6-4168-82ea-f4a6a13aad24;USD-ETH
204;53510103;2020-02-26T23:04:24.3;1.06327996;226.31;240.6308877476;FILL;SELL;d70bb8ce-8814-464d-8d4f-f85c5062053f;USD-ETH
205;53510102;2020-02-26T23:04:23.8;0.12606061;226.311;28.52890270971;FILL;BUY;4dec3c01-cc81-438e-96d4-b6b2b773e01c;USD-ETH
206;53510101;2020-02-26T23:04:23.8;0.33434343;226.311;75.66559598673;FILL;BUY;9e7be520-b582-4e6d-9db6-9ddb1e14a9cb;USD-ETH
207;53510100;2020-02-26T23:04:23.8;0.13494949;226.311;30.54055403139;FILL;BUY;8910488d-25eb-4735-937b-8edc70ec73ac;USD-ETH
208;53510043;2020-02-26T23:02:56.57;0.216;225.988;48.813408;FILL;BUY;3b3411cf-235c-4674-af22-c534afb1c25e;USD-ETH
209;53510042;2020-02-26T23:02:55.13;0.11;225.958;24.85538;FILL;BUY;f2407c77-2b2c-407c-b010-ad238b6d20d5;USD-ETH
210;53510040;2020-02-26T23:02:53.8;5.1859596;225.958;1171.8090592968;FILL;BUY;aafd2b31-2739-471a-b4cb-7494bb0a5442;USD-ETH
211;53510039;2020-02-26T23:02:53.8;0.10707071;225.958;24.19348349018;FILL;BUY;4468d9ac-6159-4435-ac20-13b3b51a9627;USD-ETH
212;53510038;2020-02-26T23:02:53.8;0.17696969;225.958;39.98771721302;FILL;BUY;aa794f5c-2111-42bf-a65c-cb16a57da2ee;USD-ETH
213;53509964;2020-02-26T23:00:57.88;0.403;225.617;90.923651;FILL;SELL;715bb279-be8c-4b46-95dc-fc0395fd59af;USD-ETH
214;53509930;2020-02-26T23:00:36.77;0.357;225.836;80.623452;FILL;BUY;afc43d0f-861e-462a-9222-818081a104fa;USD-ETH
215;53509929;2020-02-26T23:00:36.77;2.5;225.836;564.59;FILL;BUY;55d4132a-1952-4682-89df-1201b59cfe17;USD-ETH
216;53509928;2020-02-26T23:00:36.77;10.0;225.83;2258.3;FILL;BUY;201b4a6a-717f-4855-a2ba-c1dd56ea5d78;USD-ETH
217;53509927;2020-02-26T23:00:36.77;0.21515151;225.827;48.58702004877;FILL;BUY;99e7c2dd-e351-4ad5-93b3-441ac3a29d8e;USD-ETH
218;53509926;2020-02-26T23:00:36.77;0.24727273;225.827;55.84085879771;FILL;BUY;848e398c-412b-463a-884e-64e3707b3e8b;USD-ETH
219;53509846;2020-02-26T22:59:31;0.402;225.757;90.754314;FILL;SELL;e2cb429d-be3c-400a-a864-0740535a5241;USD-ETH
220;53509817;2020-02-26T22:58:57.63;0.0;226.401;0.0;FILL;BUY;84b6302f-8b89-4785-9594-dea6f08cd34a;USD-ETH
221;53509816;2020-02-26T22:58:57.63;0.13099732;226.401;29.65792424532;FILL;BUY;44f2cd9b-6294-4dca-9325-245a49f8534b;USD-ETH
222;53509615;2020-02-26T22:54:04.35;1.629;225.578;367.466562;FILL;SELL;3fb5dc44-506e-422a-90eb-aa1bb0d8a51c;USD-ETH
223;53509614;2020-02-26T22:54:04.35;0.401;225.611;90.470011;FILL;SELL;193b254c-8d62-43af-8b23-f16df3495e6a;USD-ETH
224;53509613;2020-02-26T22:54:04.35;3.0;225.612;676.836;FILL;SELL;0f3c7afe-a50c-4c31-8b3d-24292306bf8d;USD-ETH
225;53509483;2020-02-26T22:51:42.6;0.4;225.878;90.3512;FILL;SELL;aaed4404-0340-4450-9f19-dec70b5e35a9;USD-ETH
226;53509477;2020-02-26T22:51:36.58;0.4;226.1;90.44;FILL;SELL;5ffa8417-7dcb-4dc3-b410-935bb43b4eff;USD-ETH
227;53509476;2020-02-26T22:51:35.5;0.03123345;226.147;7.06335101715;FILL;SELL;c723f869-a27c-4822-9294-bf621a6ec954;USD-ETH
228;53509398;2020-02-26T22:50:17.88;0.4;226.623;90.6492;FILL;SELL;3c8a0776-5754-486e-9580-6f69defa4165;USD-ETH
229;53509392;2020-02-26T22:50:15.41;0.4;226.697;90.6788;FILL;SELL;08cc2ec4-3f01-4dc1-ab5f-2b10ea05a310;USD-ETH
230;53509391;2020-02-26T22:50:15.41;0.03115768;226.697;7.06335258296;FILL;SELL;8117f99d-e7da-4686-8554-f28d22022f35;USD-ETH
231;53509256;2020-02-26T22:48:31.77;5.25355517;226.871;1191.87931497307;FILL;SELL;8703e9c0-6165-4820-a241-ae83e6e5e18d;USD-ETH
232;53508975;2020-02-26T22:42:50.23;0.03232323;228.028;7.37060149044;FILL;SELL;6ed967a4-b55c-41f3-92f3-3cf6772988a0;USD-ETH
233;53508974;2020-02-26T22:42:50.23;0.04;228.028;9.12112;FILL;SELL;d0bbbe2c-9a2f-48c1-bb49-68d2e66c3db0;USD-ETH
234;53508973;2020-02-26T22:42:50.23;0.04848485;228.028;11.0559033758;FILL;SELL;650fd574-b72c-4a22-b63f-5ba96d09fad1;USD-ETH
235;53508796;2020-02-26T22:40:37.87;0.14725287;227.469;33.49546308603;FILL;BUY;8fb1e47d-6e74-4a8a-8a21-cffd726a6f8e;USD-ETH
236;53508795;2020-02-26T22:40:36.89;0.36;227.461;81.88596;FILL;BUY;82945f1d-51dd-4e7a-a1ea-fc94be25d37f;USD-ETH
237;53508793;2020-02-26T22:40:34.23;0.36;227.449;81.88164;FILL;BUY;ec95b4ec-8e74-4262-8f2a-b4989d51dff1;USD-ETH
238;53508691;2020-02-26T22:39:00.28;1.62252465;227.469;369.07405961085;FILL;BUY;390421bc-8c61-4b9b-8f66-d089b6a2cfa0;USD-ETH
239;53508670;2020-02-26T22:38:25.5;0.35511221;227.471;80.77772952091;FILL;BUY;26f27cee-dd76-4830-8522-1e7b90046378;USD-ETH
240;53508655;2020-02-26T22:38:05.03;4.05545072;227.91;924.2777735952;FILL;BUY;019442b4-c7ca-4126-88b9-5fe8ff36e83e;USD-ETH
241;53508654;2020-02-26T22:38:05.03;0.0405;227.748;9.223794;FILL;BUY;83c3fedc-dabe-4e89-be8b-020801ba61bf;USD-ETH
242;53508653;2020-02-26T22:38:05.03;0.28899999;227.471;65.73911672529;FILL;BUY;7789844f-9acb-4c09-b0a8-21c4aec1c889;USD-ETH
243;53508600;2020-02-26T22:37:02.08;1.23091929;226.825;279.20326795425;FILL;SELL;a079fa20-6c1d-4822-909b-e3a202928edd;USD-ETH
244;53508577;2020-02-26T22:36:56.33;0.04404041;227.113;10.00214963633;FILL;SELL;abcdc4df-143b-49e4-ae0d-ab64d612419d;USD-ETH
245;53508576;2020-02-26T22:36:56.33;0.04848485;227.113;11.01153973805;FILL;SELL;1d767eae-19d4-419d-b286-18263e89d39c;USD-ETH
246;53508575;2020-02-26T22:36:56.33;10.0;227.113;2271.13;FILL;SELL;f5c959a1-b881-4ecb-8f45-cdef65829cc2;USD-ETH
247;53508540;2020-02-26T22:36:33.53;0.02908404;227.109;6.60524724036;FILL;BUY;0e8f09f1-2a50-4b1e-b95f-f1221504afa8;USD-ETH
248;53508539;2020-02-26T22:36:33.53;0.00093425;227.109;0.21217658325;FILL;BUY;6297ce1c-c255-463f-983c-b4c71a2fb798;USD-ETH
249;53508500;2020-02-26T22:36:10.22;4.73097984;227.109;1074.44810048256;FILL;BUY;26b8e9be-1979-4760-9e07-47ce5aa52912;USD-ETH
250;53508499;2020-02-26T22:36:10.22;0.89925253;227.108;204.22744358324;FILL;BUY;5730f7a7-2018-41db-b0f6-93e20b2dd3d6;USD-ETH
251;53508498;2020-02-26T22:36:10.22;0.29099999;227.025;66.06427272975;FILL;BUY;7fe5ff3c-4c41-4682-986a-56e9ccbc21bb;USD-ETH
252;53508497;2020-02-26T22:36:10.22;0.02826764;226.96;6.4156235744;FILL;BUY;0d802827-0e8a-412f-9971-5641419fe19d;USD-ETH
253;53508496;2020-02-26T22:36:10.22;0.0405;226.954;9.191637;FILL;BUY;b39f3650-d98b-4414-a3b2-a9ea804081ab;USD-ETH
254;53508463;2020-02-26T22:35:40.37;0.304;226.637;68.897648;FILL;BUY;3d18781e-f580-444e-97f7-568baaeab55c;USD-ETH
255;53508453;2020-02-26T22:35:35.06;0.1;226.44;22.644;FILL;BUY;30d2bfd4-81e0-4066-9ce5-7234cc9d997c;USD-ETH
256;53508059;2020-02-26T22:29:24.05;0.12343435;226.163;27.91628289905;FILL;SELL;a76256d0-e611-4b75-b567-f7ce377c1727;USD-ETH
257;53508058;2020-02-26T22:29:22.95;0.01777688;226.162;4.02045473456;FILL;BUY;d51d3166-841f-41b3-8de4-94cdced953c0;USD-ETH
258;53508057;2020-02-26T22:29:22.95;0.0405;226.162;9.159561;FILL;BUY;65dcdf49-720e-44ff-ab63-3d14451476d0;USD-ETH
259;53508023;2020-02-26T22:28:24.78;0.12909091;225.638;29.12781475058;FILL;BUY;bc8997d6-1973-4f0d-a20d-9cabfbfe8eb9;USD-ETH
260;53508022;2020-02-26T22:28:24.78;0.20565657;225.638;46.40393714166;FILL;BUY;d7a9a999-dce5-489a-828f-132d8f53c7c1;USD-ETH
261;53507972;2020-02-26T22:27:07.56;0.03;225.172;6.75516;FILL;BUY;4d0898b8-74e1-4388-b34d-b4b22035c092;USD-ETH
262;53507970;2020-02-26T22:27:04.5;0.16040405;224.901;36.07503124905;FILL;BUY;df6f4f4a-9a13-40e7-8765-95741fd8e2f0;USD-ETH
263;53507969;2020-02-26T22:27:04.5;0.10232324;224.901;23.01259899924;FILL;BUY;f0b23b50-2d46-4296-b6c6-9cd582d07460;USD-ETH
264;53507968;2020-02-26T22:27:04.5;0.10909091;224.901;24.53465474991;FILL;BUY;e5c6e754-3ea0-40bf-b407-7f4e5b5fa8e9;USD-ETH
265;53507580;2020-02-26T22:19:14.42;0.5;225.885;112.9425;FILL;SELL;6a28a528-37a5-46e1-b438-69025a243f10;USD-ETH
266;53507409;2020-02-26T22:16:53.84;0.309;225.843;69.785487;FILL;SELL;1c1573ae-112d-4944-90da-761898771149;USD-ETH
267;53507407;2020-02-26T22:16:52.26;0.309;225.629;69.719361;FILL;BUY;8aef5695-245d-4428-8bbd-8d0f2bb01fe1;USD-ETH
268;53507404;2020-02-26T22:16:47.97;0.04848485;225.373;10.92717609905;FILL;BUY;8797e000-c0fe-4ba9-bea8-bc3bf8794ed6;USD-ETH
269;53507403;2020-02-26T22:16:47.97;0.0405;225.373;9.1276065;FILL;BUY;50831330-831b-4633-99f4-42cd12f5883f;USD-ETH
270;53507371;2020-02-26T22:16:08.11;0.08965816;225.115;20.1833966884;FILL;SELL;051f09c2-6ed5-4698-8307-0b36f981c718;USD-ETH
271;53507319;2020-02-26T22:15:26.98;0.03393939;224.99;7.6360233561;FILL;BUY;77fe4cb6-11c7-4db3-8905-7ece9b82296d;USD-ETH
272;53507318;2020-02-26T22:15:26.98;0.04181819;224.99;9.4086745681;FILL;BUY;3a7a454c-a54a-4c3f-9d66-bd258905f6de;USD-ETH
273;53507317;2020-02-26T22:15:26.98;1.69810516;224.99;382.0566799484;FILL;BUY;e01a7359-cd2a-4aeb-8539-f41744302889;USD-ETH
274;53507307;2020-02-26T22:15:20.81;1.0;224.99;224.99;FILL;BUY;b2b2b48b-a521-4744-8f1f-9e6d4a2df74e;USD-ETH
275;53507279;2020-02-26T22:14:57.14;0.0692898;224.99;15.589512102;FILL;BUY;ea47027e-b64b-43db-8c78-375bd32b76c7;USD-ETH
276;53507273;2020-02-26T22:14:49.47;0.01400959;224.99;3.1520176541;FILL;BUY;95615e13-dca1-49eb-90ae-f9d90f1a8994;USD-ETH
277;53507244;2020-02-26T22:14:27.43;0.18030895;224.99;40.5677106605;FILL;BUY;6cf60c4c-ab8c-4249-8afb-10025cf8183c;USD-ETH
278;53507243;2020-02-26T22:14:27.43;0.04505051;224.9;10.131859699;FILL;BUY;5405c3fa-f44b-461e-8cd9-9a3064a4bdb8;USD-ETH
279;53507242;2020-02-26T22:14:27.43;0.321;224.9;72.1929;FILL;BUY;4b452c92-95dd-4f7f-8666-ae0ac5022101;USD-ETH
280;53507241;2020-02-26T22:14:27.43;16.67364054;224.9;3749.901757446;FILL;BUY;5dca94d5-6cdc-4fe6-944a-8ef89d95f23f;USD-ETH
281;53507240;2020-02-26T22:14:26.62;0.26893158;224.9;60.482712342;FILL;BUY;e37c50e4-c0ce-494f-a1b0-ba4530614498;USD-ETH
282;53507229;2020-02-26T22:14:12.75;0.04848485;224.746;10.8967760981;FILL;SELL;24d1b99d-d57f-4947-a23d-5597aa6508a9;USD-ETH
283;53507228;2020-02-26T22:14:12.65;0.322;224.629;72.330538;FILL;BUY;d055de20-e288-4086-b38f-aa39084ec611;USD-ETH
284;53507227;2020-02-26T22:14:12.65;0.0405;224.587;9.0957735;FILL;BUY;6c9bb53b-56e4-48fe-97b5-95aec2272638;USD-ETH
285;53507217;2020-02-26T22:14:00.01;0.03595959;224.57;8.0754451263;FILL;SELL;54719c4b-7d3e-4fd5-9f67-f0f5aea4243b;USD-ETH
286;53507216;2020-02-26T22:13:59.9;0.04404041;224.57;9.8901548737;FILL;SELL;ced372d0-8a5a-47c0-92e4-5b103151967f;USD-ETH
287;53507215;2020-02-26T22:13:59.81;0.04848485;224.57;10.8882427645;FILL;SELL;9bac0f74-7815-4721-a266-ea5d8df87f85;USD-ETH
288;53507214;2020-02-26T22:13:59.7;0.19999999;224.549;44.90979775451;FILL;BUY;2336fd97-205b-4193-8c96-0f02c5c08ebc;USD-ETH
289;53506913;2020-02-26T22:08:55.07;0.2;224.427;44.8854;FILL;SELL;320f525c-11c0-40ce-9227-9110d563b005;USD-ETH
290;53506899;2020-02-26T22:08:45.65;0.05;224.4;11.22;FILL;BUY;495c0f70-7630-46e1-8303-979bf8e01d0d;USD-ETH
291;53506898;2020-02-26T22:08:45.65;0.325;224.4;72.93;FILL;BUY;9e603429-47d6-4558-9f1c-0be541345ae8;USD-ETH
292;53506897;2020-02-26T22:08:45.65;0.1;224.4;22.44;FILL;BUY;38e307bd-a077-4d82-9709-beac1bda8036;USD-ETH
293;53506841;2020-02-26T22:08:02.68;0.296;224.373;66.414408;FILL;BUY;854f050a-ec2f-4b09-8c77-eeb36b85761c;USD-ETH
294;53506838;2020-02-26T22:08:01.85;0.04;224.373;8.97492;FILL;BUY;368eaa1e-7062-4b2b-8dc3-6c69e4104497;USD-ETH
295;53506739;2020-02-26T22:06:42.79;0.378;224.373;84.812994;FILL;BUY;00b012d6-0815-4c8d-abaa-92ebd9f940e5;USD-ETH
296;53506738;2020-02-26T22:06:42.79;2.99999994;224.372;673.11598653768;FILL;BUY;7062f891-df3f-489d-bf6b-9cb746a04365;USD-ETH
297;53506722;2020-02-26T22:06:31.71;2.648;224.201;593.684248;FILL;BUY;0c7e12d0-a66a-4899-bf9e-59b70fdc913f;USD-ETH
298;53506721;2020-02-26T22:06:31.71;0.378;224.2;84.7476;FILL;BUY;5b781194-1ccd-4f23-8d78-364f8cb35685;USD-ETH
299;53506716;2020-02-26T22:06:29.81;0.378;223.843;84.612654;FILL;BUY;62af968f-ef0d-4e9a-bac3-84e0d10a5765;USD-ETH
