;Id;TimeStamp;Quantity;Price;Total;FillType;OrderType;Uuid;usd
0;53537197;2020-02-27T05:45:22.31;0.3;8755.123;2626.5369;FILL;BUY;9369f2c9-bd10-4afe-9662-ba9dee09cc29;USD-BTC
1;53537196;2020-02-27T05:45:22.31;0.2036;8754.885;1782.494586;FILL;BUY;4cf5bd2a-cfe6-4248-a226-39f4f7b252a5;USD-BTC
2;53537195;2020-02-27T05:45:22.31;0.0008911;8754.739;7.8013479229;FILL;BUY;36e899b4-4b0d-4ea0-8dc1-5af6d42d3f86;USD-BTC
3;53537189;2020-02-27T05:45:19.27;0.2036;8752.425;1781.99373;FILL;BUY;39f2e634-99e5-4e17-ada6-343c7668fbb9;USD-BTC
4;53537179;2020-02-27T05:45:03.47;0.13365443;8751.386;1169.66150753998;FILL;BUY;bdcec645-0ef6-42af-beef-64bb30edb015;USD-BTC
5;53537178;2020-02-27T05:45:02.98;0.0644791;8751.386;564.2814930326;FILL;BUY;988d7a9b-a59c-4873-b513-8b641c20fec6;USD-BTC
6;53537122;2020-02-27T05:44:00.17;0.00172207;8749.516;15.06727901812;FILL;BUY;6b12a4c3-1362-49c1-a2d2-b6c0cc6bc9ad;USD-BTC
7;53537105;2020-02-27T05:43:37.36;0.00031979;8751.078;2.79850723362;FILL;BUY;0dc640a3-319d-4f7d-88e0-f518966ea168;USD-BTC
8;53537098;2020-02-27T05:43:13.34;0.44253373;8752.896;3873.45171518208;FILL;BUY;06239578-4b2c-4a17-9b2f-0b443841d714;USD-BTC
9;53537097;2020-02-27T05:43:13.34;0.2036;8751.652;1781.8363472;FILL;BUY;1214f1cd-dcfc-4238-bb26-78d681dd3c0f;USD-BTC
10;53537096;2020-02-27T05:43:13.34;0.08465769;8751.651;740.89455734619;FILL;BUY;36205bad-d7c4-48e6-a302-29c1bf70dd3a;USD-BTC
11;53537095;2020-02-27T05:43:13.34;0.19339999;8751.65;1692.5690224835;FILL;BUY;ceca4d0f-09cd-4680-9e0c-9a5fde8e103a;USD-BTC
12;53537094;2020-02-27T05:43:13.34;0.38096509;8751.65;3334.0731298985;FILL;BUY;c19b2b3f-fbb0-4626-a221-1a540ff706a9;USD-BTC
13;53537093;2020-02-27T05:43:13.34;0.31841338;8751.65;2786.642457077;FILL;BUY;9df0a0ee-8072-4abb-84a7-26996898c99a;USD-BTC
14;53537092;2020-02-27T05:43:13.34;0.0772338;8751.647;675.9229540686;FILL;BUY;56b6f34e-c2ad-405f-9df7-a8835cfa1b96;USD-BTC
15;53537075;2020-02-27T05:42:48.78;0.00054705;8751.651;4.78759067955;FILL;BUY;b896b35b-cb3c-4cf6-9513-d2f6a870aed5;USD-BTC
16;53537039;2020-02-27T05:42:07.44;0.9;8745.782;7871.2038;FILL;BUY;1f020623-2813-4244-a306-be1638c81e8c;USD-BTC
17;53537038;2020-02-27T05:42:07.44;0.09999999;8744.959;874.49581255041;FILL;BUY;70401803-fd0d-4451-9b0e-b0cffbd328de;USD-BTC
18;53537037;2020-02-27T05:42:07.44;0.2036;8742.8;1780.03408;FILL;BUY;4276c13f-da23-4927-8be3-29e6b0837bd5;USD-BTC
19;53537036;2020-02-27T05:42:07.44;0.005;8740.84;43.7042;FILL;BUY;ee912c1d-9545-4bf4-be3b-b3fb02faaa5a;USD-BTC
20;53537012;2020-02-27T05:41:41.16;0.2036;8740.692;1779.6048912;FILL;BUY;47fe2de3-cd45-45ea-bb7b-42774d5d7493;USD-BTC
21;53536990;2020-02-27T05:41:02.22;0.2036;8734.393;1778.3224148;FILL;BUY;a2517704-f46a-4b3d-a72b-7e454f8a3023;USD-BTC
22;53536967;2020-02-27T05:40:16.03;0.00066107;8732.142;5.77255711194;FILL;BUY;dbb996f8-9445-48ef-a21b-61a0b1797b2a;USD-BTC
23;53536958;2020-02-27T05:40:04;0.18;8730.771;1571.53878;FILL;SELL;798db5cd-c02b-4e7a-823a-eb480fb95c5d;USD-BTC
24;53536957;2020-02-27T05:40:04;0.0003014;8730.772;2.6314546808;FILL;SELL;8d270f39-a522-48d7-bab5-797e6ec84893;USD-BTC
25;53536956;2020-02-27T05:40:04;0.00031954;8730.772;2.78983088488;FILL;SELL;c764e2fd-854e-48e0-96c0-933be3fa6a73;USD-BTC
26;53536955;2020-02-27T05:40:04;0.0766899;8730.772;669.5620316028;FILL;SELL;28560cc7-aea0-494c-b0c4-a33b049669ce;USD-BTC
27;53536952;2020-02-27T05:40:01.44;0.0054182;8731.013;47.3063746366;FILL;BUY;b7c60f0a-7e76-4d7c-84a3-df2ccda0d16b;USD-BTC
28;53536951;2020-02-27T05:39:59.17;0.00030455;8732.403;2.65945333365;FILL;SELL;d02c23b4-9d6d-402f-b67f-93eb6c91880f;USD-BTC
29;53536950;2020-02-27T05:39:59.17;0.0003651;8732.403;3.1882003353;FILL;SELL;92080df9-ae2c-443a-926e-3f353c0fbd33;USD-BTC
30;53536947;2020-02-27T05:39:54.25;0.0169175;8734.067;147.7585784725;FILL;BUY;70391507-b7a1-4e90-8691-355bab22bb0e;USD-BTC
31;53536914;2020-02-27T05:39:18.03;0.00064427;8735.459;5.62799416993;FILL;BUY;ee246299-d06b-418f-aa86-88c94565263a;USD-BTC
32;53536904;2020-02-27T05:38:55.12;0.172;8730.842;1501.704824;FILL;BUY;aa0ee83f-a806-42c0-a184-438d8423c76a;USD-BTC
33;53536903;2020-02-27T05:38:55.12;0.20106215;8730.032;1755.2790034888;FILL;BUY;26b51e3e-38f0-4f41-b863-8bdeac7e3705;USD-BTC
34;53536898;2020-02-27T05:38:49.19;0.00253785;8730.032;22.1555117112;FILL;BUY;9c8ee017-e28e-4ed5-8ef8-f748e160179e;USD-BTC
35;53536889;2020-02-27T05:38:26.67;0.00118;8727.361;10.29828598;FILL;SELL;ebeee57f-8b33-47ee-a5b4-fca175f1d730;USD-BTC
36;53536883;2020-02-27T05:38:12.02;0.2036;8726.552;1776.7259872;FILL;BUY;3bcf1324-1711-4bed-bc48-6aa95a6758e5;USD-BTC
37;53536835;2020-02-27T05:37:17.31;0.00030836;8723.028;2.68983291408;FILL;BUY;75844280-4de4-48d9-a51b-74ec93b4835c;USD-BTC
38;53536831;2020-02-27T05:37:13.52;0.013218;8723.028;115.300984104;FILL;BUY;d21301cd-5abb-4b1c-9440-4e7cd081fd4b;USD-BTC
39;53536815;2020-02-27T05:36:44.41;0.2;8723.0;1744.6;FILL;SELL;8c241dac-000c-429a-b2fc-f75812d0d536;USD-BTC
40;53536814;2020-02-27T05:36:44.41;0.08354887;8723.001;728.79687655887;FILL;SELL;54e0dc42-230d-49fc-9b88-eaf79f907201;USD-BTC
41;53536813;2020-02-27T05:36:44.41;0.00036476;8723.001;3.18180184476;FILL;SELL;ba058b91-0b4f-4637-aaf9-615d0dcf6842;USD-BTC
42;53536812;2020-02-27T05:36:44.41;0.00029974;8723.001;2.61463231974;FILL;SELL;644d18c2-efd1-4f4b-a1e0-9afbd7f8eb29;USD-BTC
43;53536775;2020-02-27T05:35:18.12;0.00025644;8723.934;2.23716563496;FILL;BUY;0e9e50dd-db3f-42af-9418-7fffd03d06fd;USD-BTC
44;53536756;2020-02-27T05:35:04.36;0.00057386;8722.932;5.00574175752;FILL;BUY;c9365e20-e206-4ab0-be4a-b98eea2e47b3;USD-BTC
45;53536737;2020-02-27T05:34:09.77;0.000285;8724.937;2.486607045;FILL;BUY;2eb461c3-3555-49ba-8050-24e9a700eb79;USD-BTC
46;53536724;2020-02-27T05:33:45.2;0.00100312;8734.016;8.76126612992;FILL;SELL;8dc53319-1aa6-4196-8c1f-162bc5329166;USD-BTC
47;53536723;2020-02-27T05:33:45.2;0.00033652;8734.016;2.93917106432;FILL;SELL;ebcf4a2a-382b-4601-90d5-43bf564c7d7c;USD-BTC
48;53536603;2020-02-27T05:30:41.98;0.00069505;8736.099;6.07202560995;FILL;BUY;737ffb19-7422-46fa-981b-a6b3ac4d6267;USD-BTC
49;53536579;2020-02-27T05:30:03.01;0.0815866;8727.414;712.0400350524;FILL;BUY;96e3b3b7-f7c0-4472-ad65-6bcc00479983;USD-BTC
50;53536571;2020-02-27T05:29:40.53;0.00211737;8727.414;18.47916458118;FILL;BUY;ac3904e0-7f9b-4665-8fb6-b9d72daa5ad7;USD-BTC
51;53536554;2020-02-27T05:28:56.5;0.2036;8722.499;1775.9007964;FILL;BUY;1b200580-0ebd-4121-8962-1b105fd4d8ff;USD-BTC
52;53536553;2020-02-27T05:28:56.5;0.22936821;8722.498;2000.66375298858;FILL;BUY;d03b1e2c-1136-4c1d-8608-09be53af4c79;USD-BTC
53;53536543;2020-02-27T05:28:48.87;0.00158803;8718.256;13.84485207568;FILL;BUY;10a735bb-b9b1-4e4c-8935-4afebdfff167;USD-BTC
54;53536466;2020-02-27T05:26:21.72;0.00118181;8715.238;10.29975542078;FILL;BUY;69a919ab-4290-4848-9d44-eadf6c9afc4d;USD-BTC
55;53536464;2020-02-27T05:26:19.86;0.00135858;8718.186;11.84435313588;FILL;SELL;65783d0f-a057-40cd-ba1a-1ff4319085b8;USD-BTC
56;53536463;2020-02-27T05:26:19.86;0.00276617;8718.186;24.11598456762;FILL;SELL;3cd7b083-68db-47a9-a614-9feb0c229bc3;USD-BTC
57;53536460;2020-02-27T05:26:18.84;0.0086755;8718.186;75.634622643;FILL;SELL;07a034a5-24c3-43bf-8106-82e095eda398;USD-BTC
58;53536459;2020-02-27T05:26:18.84;0.091;8718.186;793.354926;FILL;SELL;6f7207e2-55c0-4653-bdf8-d7f01f4918d8;USD-BTC
59;53536458;2020-02-27T05:26:18.84;0.0003245;8720.082;2.829666609;FILL;SELL;730f7dfa-5382-4c58-b0ff-edf971d38ae8;USD-BTC
60;53536456;2020-02-27T05:26:14.06;0.02010663;8720.933;175.34857308579;FILL;SELL;216ea6b6-e1c6-4d12-846e-14e993058aa1;USD-BTC
61;53536455;2020-02-27T05:26:14.06;0.0003708;8721.183;3.2338146564;FILL;SELL;f305db77-d0dd-42f7-a185-fd5a7401f360;USD-BTC
62;53536454;2020-02-27T05:26:14.05;0.00422323;8721.351;36.83227118373;FILL;BUY;4b9b0238-4fbf-42a2-8471-23aafb5eb545;USD-BTC
63;53536424;2020-02-27T05:25:30.01;0.1;8721.173;872.1173;FILL;BUY;fa80d414-d21c-47a5-9532-e179ebd5c4fa;USD-BTC
64;53536356;2020-02-27T05:24:15.14;0.03341652;8726.773;291.61838448996;FILL;SELL;3a1c5af3-9512-4a48-8d1a-faaef07d986b;USD-BTC
65;53536355;2020-02-27T05:24:15.14;0.179;8726.846;1562.105434;FILL;SELL;812b91d1-9b10-4b94-8365-b27fb8b5071a;USD-BTC
66;53536354;2020-02-27T05:24:15.14;0.22882707;8726.847;1996.93882934829;FILL;SELL;c9a812c8-0df3-46de-8423-cda7df490ea6;USD-BTC
67;53536353;2020-02-27T05:24:15.14;0.80645;8726.95;7037.8488275;FILL;SELL;49627828-9034-4daf-b2a5-ae341bae6ec8;USD-BTC
68;53536352;2020-02-27T05:24:15.14;1.05230641;8728.864;9185.43953921824;FILL;SELL;2b461bb1-34cf-4711-b28a-5e7c42f38fcd;USD-BTC
69;53536351;2020-02-27T05:24:14.94;1.24769359;8728.864;10890.94766078176;FILL;SELL;2ab9e400-d9cb-4469-a442-6dfa62e5f324;USD-BTC
70;53536350;2020-02-27T05:24:14.87;1.3;8731.218;11350.5834;FILL;SELL;c5ba347f-a2df-4c6b-8363-9e8a13278fa3;USD-BTC
71;53536349;2020-02-27T05:24:14.87;0.123;8731.219;1073.939937;FILL;SELL;379f27e3-52ec-4ac6-a6c4-8e4bbf596786;USD-BTC
72;53536348;2020-02-27T05:24:14.87;0.0765345;8731.219;668.2394805555;FILL;SELL;cac31766-8d1a-4f7e-bee8-cdc43ab299b0;USD-BTC
73;53536347;2020-02-27T05:24:14.81;0.9;8735.673;7862.1057;FILL;SELL;484622d4-b894-4b37-8292-c8650e8ccd70;USD-BTC
74;53536346;2020-02-27T05:24:14.81;0.11109984;8735.674;970.53198369216;FILL;SELL;08e50549-3e4a-487a-82c9-5d5546d56dfb;USD-BTC
75;53536345;2020-02-27T05:24:14.81;0.4;8735.674;3494.2696;FILL;SELL;9e013934-911e-45e6-aab9-29278ac06ba0;USD-BTC
76;53536344;2020-02-27T05:24:14.81;0.08143537;8735.674;711.39284438938;FILL;SELL;cbff6d4d-c85d-4e52-aa6a-55eaf6b69dc4;USD-BTC
77;53536343;2020-02-27T05:24:14.81;0.2;8735.675;1747.135;FILL;SELL;ab621481-4f09-447d-b490-e9c9b6b52e46;USD-BTC
78;53536342;2020-02-27T05:24:14.81;0.00029746;8739.613;2.59968528298;FILL;SELL;07f994d0-77a1-4328-926b-c460fc2ed8ff;USD-BTC
79;53536341;2020-02-27T05:24:14.81;0.00137575;8739.613;12.02352258475;FILL;SELL;9c5f997d-f590-49e8-805d-af3ac918aef8;USD-BTC
80;53536310;2020-02-27T05:23:21.26;0.01688678;8742.816;147.63801037248;FILL;BUY;6fd3c253-7004-4537-a2b3-f2f4c9259759;USD-BTC
81;53536292;2020-02-27T05:22:56.87;2.55195476;8741.955;22309.0736739558;FILL;SELL;00becaa7-d5bf-4fe9-946b-0050b813412b;USD-BTC
82;53536291;2020-02-27T05:22:54.55;0.11109984;8747.648;971.86229317632;FILL;BUY;fdacda05-d9d6-4a5f-bffd-d8a625a6872f;USD-BTC
83;53536274;2020-02-27T05:22:29.5;0.01051689;8742.554;91.94447873706;FILL;BUY;afc65e5c-17ef-47e1-8cac-d487b3a92def;USD-BTC
84;53536273;2020-02-27T05:22:28.05;0.000314;8742.554;2.745161956;FILL;BUY;bea9804b-7d72-4293-87af-ff7d7637330c;USD-BTC
85;53536272;2020-02-27T05:22:26.03;0.25670014;8747.025;2245.3625420835;FILL;SELL;75098dfd-bf6b-49b9-961c-91eff8f93b2c;USD-BTC
86;53536266;2020-02-27T05:22:21.39;0.00078596;8754.547;6.88072376012;FILL;BUY;ef338645-7f49-4a32-858e-5c0096a844f3;USD-BTC
87;53536265;2020-02-27T05:22:21.39;0.00293009;8754.547;25.65161061923;FILL;BUY;bc46c919-ed82-498f-bc3a-fae21de0868a;USD-BTC
88;53536264;2020-02-27T05:22:21.39;0.00293009;8754.547;25.65161061923;FILL;BUY;53f53e95-89fd-43fe-9acb-9d1bacdb1269;USD-BTC
89;53536244;2020-02-27T05:22:02.23;5.72484537;8754.0;50115.29636898;FILL;SELL;59027a10-77c1-49e7-9bf9-ee92d00d98df;USD-BTC
90;53536243;2020-02-27T05:22:02.23;0.00028969;8754.002;2.53594683938;FILL;SELL;69e7a1a6-9059-42cc-8375-795f99e62fb3;USD-BTC
91;53536242;2020-02-27T05:22:02.23;0.1;8754.002;875.4002;FILL;SELL;2b89f742-8eac-4f6b-be81-ee177274fa2f;USD-BTC
92;53536237;2020-02-27T05:21:55.59;1.08933982;8754.0;9536.08078428;FILL;SELL;f4fcfd90-0277-457b-8f0e-4b587f59ae41;USD-BTC
93;53536236;2020-02-27T05:21:55.59;2.3;8754.0;20134.2;FILL;SELL;4b005184-da3a-4c86-9404-967fb5669846;USD-BTC
94;53536235;2020-02-27T05:21:55.58;0.5;8754.0;4377.0;FILL;SELL;7143a621-d7a3-44cb-ba07-6687bc61d310;USD-BTC
95;53536234;2020-02-27T05:21:55.58;0.4;8754.001;3501.6004;FILL;SELL;c52f07ec-93da-42d7-bb01-1a90e1205214;USD-BTC
96;53536233;2020-02-27T05:21:54.45;0.84999765;8754.0;7440.8794281;FILL;SELL;d780bbff-2d8d-49ab-864b-2a30f528fba3;USD-BTC
97;53536232;2020-02-27T05:21:53.55;0.04161018;8753.456;364.23287978208;FILL;BUY;424bbdeb-8ffa-4f0a-b45a-800b839ee610;USD-BTC
98;53536231;2020-02-27T05:21:53.55;0.2036;8753.446;1782.2016056;FILL;BUY;f26e3ae5-cc0e-4fa1-a38d-37c720083420;USD-BTC
99;53536230;2020-02-27T05:21:53.55;0.76654426;8753.443;6709.90148688718;FILL;BUY;7ab2a30d-44b9-4ba1-8013-4fe6c4e15a92;USD-BTC
100;53537025;2020-02-27T05:42:01.64;0.25436416;60.644;15.42566011904;FILL;BUY;13a46cc7-6cd4-47ec-807d-420f29296bce;USD-LTC
101;53534041;2020-02-27T04:39:07.99;7.888;59.991;473.209008;FILL;SELL;e50f7450-5826-4afa-97dc-0c1ca408b11f;USD-LTC
102;53534028;2020-02-27T04:38:47.52;0.29373805;60.025;17.63162645125;FILL;BUY;ade85864-e471-4963-9a36-28e13264334d;USD-LTC
103;53534012;2020-02-27T04:38:28.08;2.112;59.991;126.700992;FILL;SELL;0be7194d-3a2f-4ce8-8f30-f4401cb1c64e;USD-LTC
104;53533770;2020-02-27T04:33:37.85;0.00014302;59.989;0.00857962678;FILL;BUY;9cd1e2cc-768d-40a4-b451-9bfa4aadd18a;USD-LTC
105;53533692;2020-02-27T04:31:19.69;0.29626124;59.811;17.71968102564;FILL;SELL;3e14464b-7be1-40bb-be0b-3503bcddd544;USD-LTC
106;53533209;2020-02-27T04:19:15.69;1.83485698;59.989;110.07123537322;FILL;SELL;44869674-27f3-43b7-906a-638463fe91f0;USD-LTC
107;53533203;2020-02-27T04:19:06.89;1.137;59.989;68.207493;FILL;SELL;c60e41e6-8c61-4a0d-af9c-d06669f81d0d;USD-LTC
108;53533199;2020-02-27T04:19:04.58;1.0;59.989;59.989;FILL;SELL;60e1c30a-b696-4190-b14d-12fba6b2cc8e;USD-LTC
109;53532177;2020-02-27T03:53:17.55;0.05108721;60.644;3.09813276324;FILL;BUY;eef7c8ac-8d3f-44cd-8d7f-2acd1b71efa7;USD-LTC
110;53532150;2020-02-27T03:52:43.56;42.44672008;60.5;2568.02656484;FILL;SELL;6cc7e928-4c50-4791-bfad-66a394cc04ec;USD-LTC
111;53532110;2020-02-27T03:51:52.64;1.533;60.5;92.7465;FILL;SELL;7d2a9b04-379e-48c8-91eb-b73e087bc7bd;USD-LTC
112;53532103;2020-02-27T03:51:38.56;7.335799;60.5;443.8158395;FILL;SELL;db32a0d2-57f2-41ba-9cf7-7b94475f0eae;USD-LTC
113;53531574;2020-02-27T03:38:37.51;0.03832292;60.154;2.30527692968;FILL;BUY;086961e2-9ff5-43fb-812d-b710463d6a03;USD-LTC
114;53530432;2020-02-27T03:13:08.21;0.08492607;59.324;5.03815417668;FILL;SELL;8ef9b7ef-371f-4983-97dc-6a399380df7a;USD-LTC
115;53530331;2020-02-27T03:11:26.28;0.08478315;59.416;5.0374756404;FILL;BUY;5d05735e-55f2-462d-bcd9-bb3382d7f873;USD-LTC
116;53530317;2020-02-27T03:11:09.95;0.08465494;59.433;5.03129704902;FILL;BUY;9f7cd1e8-3cb5-4029-8f75-f4c81ca0b2e5;USD-LTC
117;53529699;2020-02-27T03:00:58.57;22.57951074;60.082;1356.62216428068;FILL;BUY;9924e415-6e08-4b7d-b452-9f418f6d0df6;USD-LTC
118;53528866;2020-02-27T02:39:28.72;0.14372188;59.958;8.61727648104;FILL;BUY;64458f96-5c7a-40c0-ac8d-adfac6cf7f9b;USD-LTC
119;53528835;2020-02-27T02:39:07.83;0.64093132;59.142;37.90596012744;FILL;SELL;cf559739-1953-4706-abe0-3e8aea318847;USD-LTC
120;53528834;2020-02-27T02:39:07.83;0.03832292;59.342;2.27415871864;FILL;SELL;2a11737d-3303-4818-b7a9-2e8756a38268;USD-LTC
121;53528768;2020-02-27T02:38:02.27;3.0;59.668;179.004;FILL;SELL;d0a00e02-aa6e-4c7f-8106-49b5f22da9ec;USD-LTC
122;53528469;2020-02-27T02:32:54.18;0.64987778;59.857;38.89973427746;FILL;SELL;cd86d590-e18d-4ee1-a517-c168b9d442d8;USD-LTC
123;53527661;2020-02-27T02:16:41.94;0.163;60.784;9.907792;FILL;BUY;c62be8f3-4c0c-412d-bddf-fb3ee9f4fdf5;USD-LTC
124;53527378;2020-02-27T02:12:08.02;0.0864;60.333;5.2127712;FILL;BUY;3f8700b8-2ce3-4565-85cd-250c72c45ebb;USD-LTC
125;53526984;2020-02-27T02:04:32.59;0.7765514;60.568;47.0341651952;FILL;BUY;05e90756-ced2-43d1-8274-a1d3ca85df47;USD-LTC
126;53526983;2020-02-27T02:04:32.59;14.13563109;60.568;856.16690385912;FILL;BUY;77e1c459-0579-4544-aa54-246a7edeef7e;USD-LTC
127;53526982;2020-02-27T02:04:32.59;0.82551842;60.568;49.99999966256;FILL;BUY;874c0872-5634-4e62-9f5d-ee3543880a0d;USD-LTC
128;53526981;2020-02-27T02:04:32.59;0.93229144;60.566;56.46516335504;FILL;BUY;6d330736-5bab-4bbb-b0c5-3dab059ec7d6;USD-LTC
129;53526895;2020-02-27T02:02:47.36;0.0861;60.138;5.1778818;FILL;SELL;a52db6e7-4826-4d3b-b373-71a0d0cb2bdc;USD-LTC
130;53526570;2020-02-27T01:58:19.73;0.7136349;60.572;43.2262931628;FILL;BUY;7f899c5f-6dfd-4430-b742-dd147b1c1370;USD-LTC
131;53526554;2020-02-27T01:58:00.06;0.0;60.707;0.0;FILL;BUY;e5f73dca-e02f-4043-a5c3-e78092314cc6;USD-LTC
132;53526553;2020-02-27T01:58:00.06;0.87043647;60.707;52.84158678429;FILL;BUY;5fe74729-3a5e-427c-9bbf-07e24ecdf8ba;USD-LTC
133;53526292;2020-02-27T01:55:22.59;0.163;60.572;9.873236;FILL;BUY;50f39248-f87f-4438-b033-8a6f9664eba4;USD-LTC
134;53526200;2020-02-27T01:54:33.37;0.163;60.361;9.838843;FILL;BUY;cf5667f8-0396-437b-a6fd-ccc8492a2097;USD-LTC
135;53526172;2020-02-27T01:54:12.94;0.09197034;60.304;5.54617938336;FILL;BUY;bb9db6ce-9cdb-4168-a393-e7a7df8a29db;USD-LTC
136;53526110;2020-02-27T01:53:44.78;0.1736324;60.186;10.4502396264;FILL;BUY;2dadaabe-74e3-4a04-ac92-3a589d53f78d;USD-LTC
137;53526105;2020-02-27T01:53:42.9;0.03832292;60.154;2.30527692968;FILL;BUY;18659b87-83fb-40d8-922d-8d26eb0e3e06;USD-LTC
138;53526102;2020-02-27T01:53:41.59;0.163;60.15;9.80445;FILL;BUY;91c8a8dd-b4c5-47e8-9d98-8e5b8988ad97;USD-LTC
139;53525820;2020-02-27T01:49:59.83;0.10208769;59.755;6.10024991595;FILL;SELL;4f78972e-1edc-4d15-97e0-837c26aea994;USD-LTC
140;53525778;2020-02-27T01:49:47.81;0.163;59.941;9.770383;FILL;BUY;02d8f208-a389-4787-b6f3-fab4769d3a93;USD-LTC
141;53525694;2020-02-27T01:49:24.39;0.163;59.732;9.736316;FILL;BUY;db1a6e37-7f5c-458e-89a2-f81d97f878c8;USD-LTC
142;53525643;2020-02-27T01:49:10.98;0.10962003;59.671;6.54113681013;FILL;BUY;6d03d10a-8f4c-4951-b174-0dd8b2ddf564;USD-LTC
143;53525588;2020-02-27T01:48:46.06;0.01339325;59.669;0.79916183425;FILL;BUY;6de6a56a-ef81-4586-b42f-e112bf88123d;USD-LTC
144;53525587;2020-02-27T01:48:46.06;0.02015967;59.524;1.19998419708;FILL;BUY;1d3ea543-a8bf-44e9-9dc9-b4b19a722358;USD-LTC
145;53525565;2020-02-27T01:48:31.53;0.36380335;59.492;21.6433888982;FILL;BUY;545a0c19-5940-4096-8aa0-2f52a0739a32;USD-LTC
146;53524979;2020-02-27T01:38:49.47;0.14321337;59.492;8.52004980804;FILL;BUY;c8a20e37-68d9-4165-a62f-aedd950cf23f;USD-LTC
147;53524974;2020-02-27T01:38:39.39;4.99348659;59.352;296.37341608968;FILL;SELL;c2014e9c-757c-4afa-be4a-27b103f8e17a;USD-LTC
148;53524912;2020-02-27T01:37:54.34;4.00651341;59.352;237.79458391032;FILL;SELL;ca7c8be6-2d1f-4216-b074-f7b9fb8c9860;USD-LTC
149;53524721;2020-02-27T01:35:20.45;0.14284033;59.519;8.50171360127;FILL;BUY;66ea416f-d310-40ce-99ec-048e3194fbf1;USD-LTC
150;53524706;2020-02-27T01:35:07.76;0.14284033;59.524;8.50242780292;FILL;BUY;6329f128-e3f9-4373-aae6-36f1aadb3173;USD-LTC
151;53524612;2020-02-27T01:33:51.45;0.03925761;59.507;2.33610259827;FILL;SELL;b5c2756b-7665-48a8-9dfa-ddc807eb557d;USD-LTC
152;53524601;2020-02-27T01:33:40.89;0.03832292;59.342;2.27415871864;FILL;BUY;d1fccb00-8958-4031-864a-dd179a46f648;USD-LTC
153;53524595;2020-02-27T01:33:38.87;0.163;59.317;9.668671;FILL;BUY;25c15b61-bb5f-4849-8620-09ed8300c84e;USD-LTC
154;53524554;2020-02-27T01:33:11.81;0.0874;59.238;5.1774012;FILL;BUY;7128459e-79c3-4f1b-838e-b911cfd43fe9;USD-LTC
155;53524552;2020-02-27T01:33:11.03;0.0875;59.244;5.18385;FILL;BUY;ce0ec1d2-c7eb-49fe-a5f3-e7ed29cf9fe7;USD-LTC
156;53524551;2020-02-27T01:33:11.03;0.18187719;59.244;10.77513224436;FILL;BUY;d7232430-8d65-4efa-8705-f4a081db85bc;USD-LTC
157;53524077;2020-02-27T01:28:00.9;0.163;59.11;9.63493;FILL;BUY;ef5efa5c-da52-4564-b0f4-fedbac3fa4eb;USD-LTC
158;53524076;2020-02-27T01:28:00.9;0.03355292;59.109;1.98327954828;FILL;BUY;36972d9c-eb14-4d7e-ad93-c85cf5e9b8af;USD-LTC
159;53523523;2020-02-27T01:23:22.28;76.59581827;58.89;4510.7277379203;FILL;SELL;a237360a-044d-424d-8436-473e1f52c3e4;USD-LTC
160;53523289;2020-02-27T01:22:04.65;0.163;58.904;9.601352;FILL;BUY;f5a5c8ad-1c3d-4e95-832f-9274e501b10d;USD-LTC
161;53523191;2020-02-27T01:21:50.01;0.163;58.698;9.567774;FILL;BUY;63b0396a-c20d-4506-aefc-f68259ac86a3;USD-LTC
162;53522861;2020-02-27T01:18:59.21;0.03832292;58.54;2.2434237368;FILL;BUY;46c62b8b-8de1-4bae-9443-5155a64df799;USD-LTC
163;53522857;2020-02-27T01:18:57.88;0.163;58.493;9.534359;FILL;BUY;3363d0d6-ee8b-4e96-8815-4a100c757533;USD-LTC
164;53522832;2020-02-27T01:18:45.23;0.1831164;58.359;10.6864899876;FILL;BUY;a6da4d31-e51c-44fb-b5a1-809ef618335e;USD-LTC
165;53522828;2020-02-27T01:18:42.77;0.4776953;58.352;27.8744761456;FILL;BUY;c98e43b9-2642-469c-a7db-60547e64dc69;USD-LTC
166;53522822;2020-02-27T01:18:38.13;0.163;58.289;9.501107;FILL;BUY;032b2759-7522-47c9-9280-783c7e9173f8;USD-LTC
167;53522807;2020-02-27T01:18:30.46;0.08969881;58.229;5.22307200749;FILL;BUY;13f16cfd-465e-4822-b9fc-3f3b7b2cdc0b;USD-LTC
168;53522778;2020-02-27T01:18:15.74;0.163;58.086;9.468018;FILL;BUY;cfa93251-4d94-4ece-b984-a38ee1948e62;USD-LTC
169;53522350;2020-02-27T01:14:45.23;4.73539821;57.335;271.50405637035;FILL;SELL;8bbd716a-fa2f-45c8-99b6-43834aac0848;USD-LTC
170;53522176;2020-02-27T01:13:41.2;17.24;58.069;1001.10956;FILL;BUY;baf29cf0-f43e-46ad-b152-6f9d09db7116;USD-LTC
171;53521881;2020-02-27T01:11:36.04;0.163;57.884;9.435092;FILL;BUY;57e3e4d8-a7af-4c4d-8d16-918c3ea11d67;USD-LTC
172;53521863;2020-02-27T01:11:27.32;0.163;57.682;9.402166;FILL;BUY;24f5da7b-eb9a-446a-9747-9a7805d57b1f;USD-LTC
173;53521761;2020-02-27T01:10:27.09;0.163;57.481;9.369403;FILL;BUY;6f48cbf8-cd0f-4e65-93ae-0cd8506f75f7;USD-LTC
174;53521424;2020-02-27T01:08:45.46;4.00392141;57.341;229.58885757081;FILL;SELL;42aeebfb-2964-4b19-935a-a27532f35825;USD-LTC
175;53521409;2020-02-27T01:08:44.71;5.59112373;57.341;320.60062580193;FILL;SELL;7b15cb25-88c9-4c42-a4cb-060d16d604fe;USD-LTC
176;53521109;2020-02-27T01:07:57.31;0.43253584;57.341;24.80203760144;FILL;SELL;80487340-9eba-4301-8e46-7817ce00d6e1;USD-LTC
177;53521073;2020-02-27T01:07:55.92;0.1831164;57.402;10.5112475928;FILL;SELL;96637237-f72e-43ef-ae0b-ad66317b13dd;USD-LTC
178;53521072;2020-02-27T01:07:55.92;0.86821;57.406;49.84046326;FILL;SELL;2e44412e-5358-4013-ada5-17a254be5138;USD-LTC
179;53521071;2020-02-27T01:07:55.92;0.09048303;57.417;5.19526413351;FILL;SELL;d5344764-1a8f-42fc-ac37-bf85ef91b100;USD-LTC
180;53521070;2020-02-27T01:07:55.92;0.86843;57.42;49.8652506;FILL;SELL;9f830786-c5be-4784-825a-bbe3c4753d6e;USD-LTC
181;53521069;2020-02-27T01:07:55.92;0.86655;57.435;49.77029925;FILL;SELL;e824df86-11d1-4356-89d7-8562471e1151;USD-LTC
182;53521068;2020-02-27T01:07:55.92;18.53542194;57.436;1064.60049454584;FILL;SELL;5ca04e6d-d2cf-4da1-bbe6-f01cf242230d;USD-LTC
183;53521053;2020-02-27T01:07:54.59;0.18187719;57.51;10.4597571969;FILL;SELL;206ef51a-7887-4eba-b131-2c869974536b;USD-LTC
184;53521052;2020-02-27T01:07:54.59;0.03355292;57.511;1.92966198212;FILL;SELL;a2ce260d-c56c-493e-81dd-9738ba0ab468;USD-LTC
185;53521022;2020-02-27T01:07:37.2;0.09013765;57.637;5.19526373305;FILL;SELL;1fe6104a-1325-4170-afec-7f401e439043;USD-LTC
186;53520860;2020-02-27T01:06:50.84;0.03832292;57.75;2.21314863;FILL;SELL;dcf4a61a-4331-4632-b406-83790516097f;USD-LTC
187;53520763;2020-02-27T01:06:14.35;0.08979491;57.857;5.19526410787;FILL;SELL;c366144a-f882-4780-a1a3-8b44c3d247a3;USD-LTC
188;53520601;2020-02-27T01:05:19.48;1.0;58.0;58.0;FILL;BUY;41525c88-fb77-41ba-b8cb-7d4e2425d7c1;USD-LTC
189;53520600;2020-02-27T01:05:19.48;3.03336882;57.999;175.93235819118;FILL;BUY;b3d301e6-25d2-475d-af1e-78c7244f0eb3;USD-LTC
190;53520599;2020-02-27T01:05:19.48;1.0;57.982;57.982;FILL;BUY;26980da3-38d7-461b-906f-4a7548b10a21;USD-LTC
191;53520556;2020-02-27T01:05:10.87;1.0644369;57.96;61.694762724;FILL;SELL;48a7c27c-909f-4536-ad22-6a2733cc5eba;USD-LTC
192;53520527;2020-02-27T01:05:08.67;0.66700456;58.0;38.68626448;FILL;SELL;754aa00b-e799-43ce-bcbf-f0aab881c689;USD-LTC
193;53520515;2020-02-27T01:05:07.88;1.33299544;58.0;77.31373552;FILL;SELL;4e5faa75-0834-4b2d-9e49-dcb13cd4e789;USD-LTC
194;53520380;2020-02-27T01:04:31.88;0.09338776;58.172;5.43255277472;FILL;SELL;bc3dfa66-0a6a-4630-a12e-880fbfd80e6f;USD-LTC
195;53520191;2020-02-27T01:04:03.42;0.326;58.325;19.01395;FILL;SELL;76dea85f-5d60-4387-8737-377be9c52893;USD-LTC
196;53520123;2020-02-27T01:03:02.52;0.08771815;58.352;5.1185294888;FILL;SELL;0c3348aa-a3b0-4517-b9f6-879a793a993c;USD-LTC
197;53518871;2020-02-27T00:50:30.74;0.163;59.154;9.642102;FILL;BUY;5d02e8d5-22dc-4287-9c93-f5be0ccc4151;USD-LTC
198;53518696;2020-02-27T00:48:32.26;0.0883;58.948;5.2051084;FILL;BUY;3c47697d-931a-4800-94ac-c8bc30a4276d;USD-LTC
199;53518695;2020-02-27T00:48:32.26;0.163;58.948;9.608524;FILL;BUY;0c122718-6a02-4af5-b635-a50197ebf2ca;USD-LTC
200;53537150;2020-02-27T05:44:38.75;1.25;220.239;275.29875;FILL;BUY;333a10dd-7688-462b-b0fe-7560b69614ec;USD-ETH
201;53537149;2020-02-27T05:44:38.58;7.08;220.12;1558.4496;FILL;BUY;b0a3bb86-4786-4cfc-99a9-ef5fde8af8f6;USD-ETH
202;53537129;2020-02-27T05:44:05.64;4.2;219.851;923.3742;FILL;BUY;13ec082b-5d1c-48bc-8ca9-5ff7addcd67e;USD-ETH
203;53537128;2020-02-27T05:44:05.28;62.18;219.831;13669.09158;FILL;BUY;f353adf5-8c85-439e-82b5-407071cf12c2;USD-ETH
204;53537123;2020-02-27T05:44:01.3;4.186;219.839;920.246054;FILL;SELL;46981c51-488e-40be-80bd-39e0be9d23f3;USD-ETH
205;53537070;2020-02-27T05:42:39.67;0.45268557;220.353;99.75062340621;FILL;SELL;2fce9b2f-65a6-4ae5-aa63-17fdd89b71b4;USD-ETH
206;53537064;2020-02-27T05:42:34.53;3.25;220.169;715.54925;FILL;BUY;3d5772e4-556c-4bf6-9ad1-c4e0ca6d76c6;USD-ETH
207;53537062;2020-02-27T05:42:32.11;3.25;220.049;715.15925;FILL;BUY;964edfb4-20d5-495f-90fd-da4ac005fc35;USD-ETH
208;53537057;2020-02-27T05:42:28.25;1.28802868;219.996;283.36115748528;FILL;BUY;339ef99d-a1c3-4ff5-9f26-67b226a97629;USD-ETH
209;53537056;2020-02-27T05:42:28.25;3.25;219.995;714.98375;FILL;BUY;a16be59a-90ba-4532-864f-900426bdb89b;USD-ETH
210;53537053;2020-02-27T05:42:24.45;3.25;219.88;714.61;FILL;BUY;09682425-8a91-46ef-a082-e0c08aef1d52;USD-ETH
211;53537052;2020-02-27T05:42:24.45;1.77031666;219.879;389.25545688414;FILL;BUY;60c71b13-4846-4635-96df-2539f1334c08;USD-ETH
212;53537047;2020-02-27T05:42:09.22;3.25;219.634;713.8105;FILL;BUY;360323b8-8b36-4ef5-a385-c421afefdb32;USD-ETH
213;53537043;2020-02-27T05:42:07.5;10.0;219.669;2196.69;FILL;BUY;41b87cfb-c9d5-46d1-822c-d9b074da1c05;USD-ETH
214;53537042;2020-02-27T05:42:07.5;1.36492028;219.668;299.82930806704;FILL;BUY;8d1c0656-bb9a-42ff-b37e-830d0b77d63e;USD-ETH
215;53537041;2020-02-27T05:42:07.5;3.25;219.578;713.6285;FILL;BUY;a4d1b61b-0532-4f73-a6d0-fd94b351e99a;USD-ETH
216;53537020;2020-02-27T05:41:43.14;1.22968347;219.62;270.0630836814;FILL;BUY;11bc2b85-ad9b-4c74-a97d-4c6b20613ac7;USD-ETH
217;53537019;2020-02-27T05:41:43.14;3.25;219.476;713.297;FILL;BUY;ebca58b7-e2ec-40bb-a246-203a666f0c30;USD-ETH
218;53537002;2020-02-27T05:41:17.83;1.36492028;219.242;299.24785202776;FILL;BUY;8ebf46d4-faca-44c5-8637-f63098c47e20;USD-ETH
219;53537001;2020-02-27T05:41:17.7;0.31068186;219.272;68.12383280592;FILL;SELL;42ab4d5f-16ec-46bb-bff8-019357f81cd5;USD-ETH
220;53537000;2020-02-27T05:41:17.7;1.57439786;219.273;345.22294195578;FILL;SELL;7f589f51-f18a-487c-86ce-a6720ea9b614;USD-ETH
221;53536999;2020-02-27T05:41:17.25;3.25;219.222;712.4715;FILL;BUY;d63a09f7-595b-4ce3-bf90-694a2ddf1edf;USD-ETH
222;53536993;2020-02-27T05:41:10;3.25;219.145;712.22125;FILL;BUY;d02537ba-75c2-4594-81ac-012f365cf685;USD-ETH
223;53536992;2020-02-27T05:41:10;4.69190712;219.144;1028.20329390528;FILL;BUY;0915f440-83bc-4e4d-b50a-7bc8cd241914;USD-ETH
224;53536988;2020-02-27T05:40:59.56;3.25;219.129;712.16925;FILL;SELL;60266c84-7dd9-4ca9-b307-c25e195928d4;USD-ETH
225;53536987;2020-02-27T05:40:58.14;1.30809288;219.198;286.73134311024;FILL;BUY;a233363a-62d0-4404-8d41-8a2cc70e61a0;USD-ETH
226;53536986;2020-02-27T05:40:58.14;3.25;219.055;711.92875;FILL;BUY;cdc90ced-af67-42a5-8c26-9476e5028877;USD-ETH
227;53536954;2020-02-27T05:40:02.16;4.252;218.663;929.755076;FILL;SELL;fa475b8c-b259-4628-9e2b-2dcb31d58ca6;USD-ETH
228;53536953;2020-02-27T05:40:02.16;4.83608463;218.663;1057.47277344969;FILL;SELL;de59dc14-a88d-48be-81f2-591b100f4687;USD-ETH
229;53536939;2020-02-27T05:39:40.19;1.599;218.871;349.974729;FILL;SELL;bdfd9fde-b873-4266-8a76-bdfba97d480c;USD-ETH
230;53536934;2020-02-27T05:39:32.25;0.01348181;218.981;2.95226023561;FILL;SELL;4b611867-32cd-44d9-9d82-6032329968e3;USD-ETH
231;53536933;2020-02-27T05:39:32.25;1.497;218.992;327.831024;FILL;SELL;3c61ad1f-b0fe-4630-b5fc-365841d5dcd8;USD-ETH
232;53536929;2020-02-27T05:39:28.19;4.56308464;219.034;999.47068103776;FILL;BUY;08c80019-b381-4bd9-86e6-09a897525b4b;USD-ETH
233;53536911;2020-02-27T05:39:12.08;3.25;218.951;711.59075;FILL;BUY;4b632699-7a81-4f91-bfcb-28932ed22de4;USD-ETH
234;53536905;2020-02-27T05:38:55.12;3.25;218.88;711.36;FILL;BUY;941f911b-4e47-43dd-840c-7d7e47088b74;USD-ETH
235;53536900;2020-02-27T05:38:50.31;3.25;218.815;711.14875;FILL;BUY;f7da9c27-71a2-4bcf-9878-6a66efaf599d;USD-ETH
236;53536895;2020-02-27T05:38:43.17;3.25;218.827;711.18775;FILL;BUY;5863e5e8-8386-4d6f-9bac-0f2ae38849ee;USD-ETH
237;53536884;2020-02-27T05:38:12.34;3.25;218.803;711.10975;FILL;SELL;5642976e-6544-434d-84af-c4d3559a4564;USD-ETH
238;53536880;2020-02-27T05:38:11.48;3.25;218.812;711.139;FILL;SELL;27b79b79-9856-45d3-94e0-247af4c39c44;USD-ETH
239;53536879;2020-02-27T05:38:10.09;3.25;218.755;710.95375;FILL;BUY;308bf7c4-51bd-419a-a85e-cf7676790df9;USD-ETH
240;53536722;2020-02-27T05:33:44.94;5.727;219.224;1255.495848;FILL;SELL;90054845-bfa9-4c6a-8e41-6c2869eea8b6;USD-ETH
241;53536721;2020-02-27T05:33:44.94;4.273;219.224;936.744152;FILL;SELL;4863cee0-ef5a-4787-9d85-a3e8adf53e80;USD-ETH
242;53536714;2020-02-27T05:33:33.92;4.267;219.37;936.05179;FILL;SELL;5ac70122-b444-4fc7-9125-c39cf0dfeb06;USD-ETH
243;53536708;2020-02-27T05:33:28.16;0.45524902;219.516;99.93444387432;FILL;BUY;03e5d1f8-a7cc-4055-8b2c-bf5dce7075fb;USD-ETH
244;53536707;2020-02-27T05:33:28.16;3.25;219.371;712.95575;FILL;BUY;f09caffd-8c17-443c-b32a-2faf93418960;USD-ETH
245;53536703;2020-02-27T05:33:20.39;3.25;219.483;713.31975;FILL;SELL;f62ca913-cb7e-4c4e-b69a-d46ff1a4760a;USD-ETH
246;53536702;2020-02-27T05:33:20.19;3.24999999;219.482;713.31649780518;FILL;BUY;05e108ad-0629-4f1a-8ada-6bb30d156f5e;USD-ETH
247;53536701;2020-02-27T05:33:19.03;3.25;219.365;712.93625;FILL;SELL;8a420676-f179-47a5-b710-fe73b59d39bd;USD-ETH
248;53536699;2020-02-27T05:33:12.08;3.25;219.288;712.686;FILL;BUY;08835f1f-1a75-49a9-a0c1-37304c3c92be;USD-ETH
249;53536683;2020-02-27T05:32:44.16;3.25;219.191;712.37075;FILL;SELL;c8e5ed20-adcb-4e42-a456-546a1e0e78e8;USD-ETH
250;53536681;2020-02-27T05:32:43.19;3.24999999;219.215;712.44874780785;FILL;BUY;967d7839-1753-462e-95f5-fc703e45968d;USD-ETH
251;53536680;2020-02-27T05:32:40.91;3.25;219.182;712.3415;FILL;BUY;1f4e2813-37fe-473f-af04-9348e89b1c66;USD-ETH
252;53536679;2020-02-27T05:32:38.94;3.25;219.151;712.24075;FILL;BUY;5a5e11f7-240e-48c6-ad23-126d6dafd8a7;USD-ETH
253;53536667;2020-02-27T05:32:22.62;3.25;219.176;712.322;FILL;SELL;626d0bbb-03a4-46c9-a960-4231d58bee1a;USD-ETH
254;53536664;2020-02-27T05:32:21.97;3.25;219.126;712.1595;FILL;BUY;7aec7ed0-558d-400d-9ac2-1bc511262c16;USD-ETH
255;53536625;2020-02-27T05:31:13.23;3.25;219.044;711.893;FILL;BUY;8580499d-d1ea-4b89-a7f0-323eca6c32fd;USD-ETH
256;53536620;2020-02-27T05:30:53.91;3.25;218.98;711.685;FILL;BUY;754926f2-5903-4209-a78c-2a35a3b07012;USD-ETH
257;53536619;2020-02-27T05:30:52.89;3.25;218.974;711.6655;FILL;BUY;dbb1ff85-9e2b-4e17-9d1c-9cfca2a676aa;USD-ETH
258;53536618;2020-02-27T05:30:51.59;3.25;218.983;711.69475;FILL;BUY;6565ea99-211c-4378-af00-87d0c82315cf;USD-ETH
259;53536617;2020-02-27T05:30:50.45;3.25;218.923;711.49975;FILL;BUY;a290167a-3c30-463c-87fa-c8ea9e6b3e6f;USD-ETH
260;53536616;2020-02-27T05:30:49.14;3.25;218.949;711.58425;FILL;BUY;b698219c-7ec4-4b92-a9dc-82479376df1b;USD-ETH
261;53536613;2020-02-27T05:30:47.89;3.25;218.933;711.53225;FILL;BUY;28c6de16-cfd7-4942-9c11-2050cbe2e512;USD-ETH
262;53536611;2020-02-27T05:30:46.72;3.25;218.931;711.52575;FILL;BUY;60325eeb-11d7-483c-a613-b9a0bc17dbe7;USD-ETH
263;53536606;2020-02-27T05:30:43.25;0.299;218.865;65.440635;FILL;BUY;4a149d21-1e7e-46c3-9ead-66b6eb187619;USD-ETH
264;53536604;2020-02-27T05:30:42.36;0.3;218.865;65.6595;FILL;BUY;3c51fb4f-c986-4ed2-b0f1-72cc5e4bff0f;USD-ETH
265;53536599;2020-02-27T05:30:30.09;3.25;218.81;711.1325;FILL;BUY;7718118d-2762-4eef-b497-e44589f5ed26;USD-ETH
266;53536598;2020-02-27T05:30:28.14;3.25;218.802;711.1065;FILL;BUY;561d3c2c-7441-4935-9daa-262bcd819b04;USD-ETH
267;53536592;2020-02-27T05:30:21.16;3.25;218.719;710.83675;FILL;BUY;e70c0c9b-f264-4675-b103-ad19dbc0f1e9;USD-ETH
268;53536581;2020-02-27T05:30:09.7;3.25;218.692;710.749;FILL;BUY;4da84d78-bc16-4f00-b4ed-a412446c17fa;USD-ETH
269;53536580;2020-02-27T05:30:05.91;3.25;218.562;710.3265;FILL;BUY;1c6a5cf3-9918-4bf1-a13e-5d1daf81b34b;USD-ETH
270;53536567;2020-02-27T05:29:35.3;2.389;218.5;521.9965;FILL;BUY;dd9457e7-e9ba-4d96-8e8e-87e5e0846ae4;USD-ETH
271;53536555;2020-02-27T05:28:57.83;3.25;218.434;709.9105;FILL;BUY;2a4bd401-68e8-4750-85e5-c97fdcd8229a;USD-ETH
272;53536552;2020-02-27T05:28:56.25;3.25;218.444;709.943;FILL;BUY;1eacf377-3c32-4e4e-94e4-618073564550;USD-ETH
273;53536550;2020-02-27T05:28:55.7;3.25;218.427;709.88775;FILL;BUY;08d8cc91-274e-4cb0-b04d-d9c71b5f3211;USD-ETH
274;53536523;2020-02-27T05:28:13.14;3.24999998;218.376;709.72199563248;FILL;BUY;657c4415-880b-44e6-b299-ae343b0baf34;USD-ETH
275;53536496;2020-02-27T05:27:28.25;3.24999999;218.517;710.18024781483;FILL;BUY;fe445fa4-84b6-4a60-9d23-9b5812312376;USD-ETH
276;53536482;2020-02-27T05:26:53.7;3.25;218.477;710.05025;FILL;BUY;a605c26e-f0bd-4186-8b08-bf9c9b521d62;USD-ETH
277;53536474;2020-02-27T05:26:43.14;3.24999999;218.484;710.07299781516;FILL;BUY;d0cb75d5-fb93-48c8-9a15-d9b3da13d8e2;USD-ETH
278;53536469;2020-02-27T05:26:32.95;3.25;218.394;709.7805;FILL;BUY;f41eae53-61fa-4196-bb33-8f5c41ff219a;USD-ETH
279;53536449;2020-02-27T05:25:58.14;3.25;218.441;709.93325;FILL;BUY;625664d8-16a1-4dd9-a20d-60a7f4cc79fa;USD-ETH
280;53536445;2020-02-27T05:25:52.95;0.19802202;218.439;43.25573202678;FILL;BUY;1281daf8-965b-4d9f-85c0-17aafe59cf76;USD-ETH
281;53536442;2020-02-27T05:25:52.56;0.92480802;218.439;202.01413908078;FILL;BUY;b6f35427-9582-4ef1-a0ab-81a447336a07;USD-ETH
282;53536404;2020-02-27T05:24:48.31;0.42936924;218.647;93.88029621828;FILL;BUY;1db7ec5a-a1c8-462c-a1c0-ef7365bce9a0;USD-ETH
283;53536402;2020-02-27T05:24:45.91;3.25;218.639;710.57675;FILL;BUY;9aa7527a-bbe4-40ed-9005-73350ca19ac4;USD-ETH
284;53536397;2020-02-27T05:24:43.05;1.07664849;218.634;235.39196596266;FILL;BUY;fe1ac96a-af67-4a1f-b1b4-af746e238cab;USD-ETH
285;53536333;2020-02-27T05:24:04.5;0.9905232;219.046;216.9701448672;FILL;BUY;98b88f95-723f-4a39-88ed-92a7190d92b6;USD-ETH
286;53536260;2020-02-27T05:22:19.16;6.0;219.724;1318.344;FILL;SELL;030dfb44-a130-4790-a7f7-57eb7dcf0a53;USD-ETH
287;53536203;2020-02-27T05:21:37.94;0.0405;219.883;8.9052615;FILL;BUY;4c85d4d9-1cdc-4269-9f24-b2a3d42ece01;USD-ETH
288;53536202;2020-02-27T05:21:37.94;2.99999986;219.882;659.64596921652;FILL;BUY;597bc795-a194-4836-9232-beafaf8befc8;USD-ETH
289;53536185;2020-02-27T05:21:13.5;244.92165295;217.531;53278.05208786645;FILL;SELL;d244806c-b0f4-40d3-8dc9-c65a2bb7a857;USD-ETH
290;53536184;2020-02-27T05:21:13.5;33.58006089;217.774;7312.86418025886;FILL;SELL;b8bbd4ff-cab2-48d7-a14f-8bfef9be4704;USD-ETH
291;53536183;2020-02-27T05:21:13.5;0.0526868;217.975;11.48440523;FILL;SELL;1030ebef-7f85-4696-ae4d-7c66745936c1;USD-ETH
292;53536182;2020-02-27T05:21:13.5;0.05633458;218.121;12.28775492418;FILL;SELL;c113fdaf-fe28-4b9a-9991-bc8c635715d7;USD-ETH
293;53536181;2020-02-27T05:21:13.5;1.599;218.534;349.435866;FILL;SELL;83b4d595-f3bd-4ed2-871e-e7e3559cbd59;USD-ETH
294;53536180;2020-02-27T05:21:13.5;9.82;218.535;2146.0137;FILL;SELL;6a5f5ef8-4b33-4fba-b417-9e27440bf9f6;USD-ETH
295;53536179;2020-02-27T05:21:13.5;33.43;218.535;7305.62505;FILL;SELL;f9511c81-97e0-402e-bbf9-3a6a19b15b36;USD-ETH
296;53536178;2020-02-27T05:21:13.5;1.6;218.62;349.792;FILL;SELL;7f993fb9-548a-48a4-9015-6b15e476dd69;USD-ETH
297;53536177;2020-02-27T05:21:13.5;23.27267333;219.109;5099.25218066297;FILL;SELL;e8645fb9-ecb1-446f-be4c-774a2fb402d1;USD-ETH
298;53536176;2020-02-27T05:21:13.5;4.40339145;219.121;964.87553791545;FILL;SELL;cefaf829-abc4-424d-837f-d75c55c8ec95;USD-ETH
299;53536175;2020-02-27T05:21:13.5;0.414;219.189;90.744246;FILL;SELL;d37b4364-6966-4c5e-a8e0-303e461a018f;USD-ETH
