;Id;TimeStamp;Quantity;Price;Total;FillType;OrderType;Uuid;usd
0;53531838;2020-02-27T03:45:25.19;0.02076164;8698.6;180.597201704;FILL;SELL;8b39c514-0690-4beb-b346-2d8cc1a4e96c;USD-BTC
1;53531837;2020-02-27T03:45:25.19;0.07923836;8700.178;689.38783642808;FILL;SELL;83451dc2-90b0-4376-9797-150be4607382;USD-BTC
2;53531833;2020-02-27T03:45:23.42;0.1092255;8702.109;950.4922065795;FILL;SELL;c4ea17ce-1d83-4bc1-a5d2-23196a70ca71;USD-BTC
3;53531832;2020-02-27T03:45:23.42;0.21519243;8702.114;1872.62905779702;FILL;SELL;ef48665b-b543-4169-9bbf-88d906fabf95;USD-BTC
4;53531831;2020-02-27T03:45:23.42;0.1;8702.116;870.2116;FILL;SELL;3b293290-6f6d-4eb7-b434-f2eda85bfeff;USD-BTC
5;53531830;2020-02-27T03:45:23.42;0.0764568;8702.117;665.3360190456;FILL;SELL;1c27bec9-be5b-4cbb-a483-539d39569505;USD-BTC
6;53531829;2020-02-27T03:45:23.42;1.71389;8702.214;14914.63755246;FILL;SELL;9bd01034-f236-4662-ae5c-ea1fa01457bb;USD-BTC
7;53531828;2020-02-27T03:45:23.42;0.12088504;8710.262;1052.94037028048;FILL;SELL;07fc0988-892f-4270-8399-a8ffb752b6d4;USD-BTC
8;53531824;2020-02-27T03:45:20.95;0.01057632;8715.738;92.18043412416;FILL;BUY;1935047b-1736-4f8d-9ab6-164e56991b77;USD-BTC
9;53531816;2020-02-27T03:45:10.14;0.44;8710.262;3832.51528;FILL;SELL;a112ec7b-15ac-4bb4-89ba-052d04d90396;USD-BTC
10;53531810;2020-02-27T03:45:03.64;0.0980646;8715.747;854.7062432562;FILL;BUY;c47d4ddd-1a3d-47ad-8cab-ab8e2e302cb3;USD-BTC
11;53531771;2020-02-27T03:44:08.09;0.00126593;8720.145;11.03909315985;FILL;SELL;291ffa2f-ee97-4ba6-95b9-90a27e62d4fe;USD-BTC
12;53531770;2020-02-27T03:44:08.09;0.00037078;8720.145;3.2332553631;FILL;SELL;98a4e82d-4d1f-4cab-8e91-6aae72db59e6;USD-BTC
13;53531769;2020-02-27T03:44:08.09;0.00027371;8720.145;2.38679088795;FILL;SELL;2f677857-c37c-4767-aaae-f7f4d7d37b3d;USD-BTC
14;53531731;2020-02-27T03:43:10;0.01058208;8727.46;92.3546799168;FILL;BUY;7bfcc196-31d5-4fe8-93d6-3dcbff78bf10;USD-BTC
15;53531726;2020-02-27T03:42:59.44;0.00222223;8727.46;19.3944234358;FILL;BUY;24bae45e-d96b-4e14-9c73-21fca061f224;USD-BTC
16;53531713;2020-02-27T03:42:42.06;0.00071687;8727.464;6.25645711768;FILL;BUY;17de5927-d789-46a3-ab9c-5ce18423e854;USD-BTC
17;53531712;2020-02-27T03:42:40.09;0.00211641;8727.464;18.47089208424;FILL;BUY;39f58f7f-9a3e-48a6-b6d7-c361be7be839;USD-BTC
18;53531684;2020-02-27T03:41:38.23;0.00867966;8727.505;75.7517760483;FILL;BUY;a6cf63cd-eef3-40cb-891c-2384e390fab8;USD-BTC
19;53531644;2020-02-27T03:40:29.56;0.03175488;8716.186;276.78144048768;FILL;BUY;07fd9f63-a037-4a1d-a60c-814433e6ebf8;USD-BTC
20;53531638;2020-02-27T03:40:24.19;0.01365374;8716.189;119.00857839686;FILL;BUY;822a1ea5-3149-423b-bdad-7298a661a21e;USD-BTC
21;53531623;2020-02-27T03:40:03.15;0.085915;8716.194;748.85180751;FILL;BUY;5b1aa241-9297-4eb0-83bd-9a89bb69341b;USD-BTC
22;53531622;2020-02-27T03:40:03.15;0.076923;8716.189;670.475406447;FILL;BUY;1d5afe1f-83d9-4c5b-a3ae-f8f788a1e20b;USD-BTC
23;53531597;2020-02-27T03:39:06.53;0.00488939;8715.672;42.61431952008;FILL;BUY;0b991269-bedf-4af5-b24f-ce1579d235ca;USD-BTC
24;53531590;2020-02-27T03:38:48.76;0.07187182;8711.145;626.0858454339;FILL;BUY;8a0a144e-c661-494e-a1af-67089d12bc30;USD-BTC
25;53531588;2020-02-27T03:38:48.01;0.0759129;8711.249;661.2961742121;FILL;SELL;6cbe25d8-c7c8-4f2d-a7f6-16b611ef1598;USD-BTC
26;53531587;2020-02-27T03:38:48.01;0.28221528;8711.25;2458.4478579;FILL;SELL;c6948d9a-60ad-4cc8-a7d4-1c8bb3628716;USD-BTC
27;53531564;2020-02-27T03:38:26.17;0.00117;8709.99;10.1906883;FILL;SELL;cc59bba6-3791-4e82-aa53-5d1ec8b9e5e6;USD-BTC
28;53531550;2020-02-27T03:38:17.03;0.01149172;8702.752;100.00958921344;FILL;SELL;c768eb78-3fb2-4b09-ab94-c6065ad28351;USD-BTC
29;53531533;2020-02-27T03:37:37.89;0.02291392;8709.15;199.560766368;FILL;BUY;e9c4c37a-7b2b-4c64-9ac0-79f202155062;USD-BTC
30;53531503;2020-02-27T03:36:55.95;0.2022;8704.756;1760.1016632;FILL;BUY;0ef3b882-f473-4a12-8ffa-cd0d59b85458;USD-BTC
31;53531502;2020-02-27T03:36:55.95;0.01782921;8695.26;155.0296165446;FILL;BUY;5a63d165-0b31-4bc4-92e2-986226ee1efc;USD-BTC
32;53531441;2020-02-27T03:36:05.79;0.00030061;8680.902;2.60956595022;FILL;SELL;6b332c8d-6501-4459-aaa8-276810842aab;USD-BTC
33;53531440;2020-02-27T03:36:05.79;0.00039241;8680.902;3.40647275382;FILL;SELL;3dd13f82-00ea-458d-9f8e-60f73d503e56;USD-BTC
34;53531434;2020-02-27T03:35:56.73;0.00366835;8680.518;31.8431782053;FILL;BUY;116986e3-1120-45c6-80e9-45539b4a92e9;USD-BTC
35;53531393;2020-02-27T03:35:13.65;0.0013348;8675.054;11.5794620792;FILL;BUY;d61e5194-a459-4e9d-9822-484294c30c10;USD-BTC
36;53531391;2020-02-27T03:35:10.92;0.00212947;8675.054;18.47326724138;FILL;BUY;384238a7-3076-4a62-81cb-67136920deb1;USD-BTC
37;53531376;2020-02-27T03:35:02.98;0.484673;8673.626;4203.872334298;FILL;BUY;c9531556-bd3d-4246-87df-bfb876661897;USD-BTC
38;53531325;2020-02-27T03:34:06.42;0.0187718;8671.945;162.788017151;FILL;SELL;80f86c06-6621-4b26-869b-8d14702119e5;USD-BTC
39;53531319;2020-02-27T03:33:56.97;0.25522873;8670.0;2212.8330891;FILL;BUY;4a80f076-17b5-4fa8-a6d5-17ebdf95ff51;USD-BTC
40;53531316;2020-02-27T03:33:52.28;0.00106454;8670.0;9.2295618;FILL;BUY;71e31f6c-1aa1-4615-b31d-2d7426841abc;USD-BTC
41;53531310;2020-02-27T03:33:45.67;0.9;8670.0;7803.0;FILL;BUY;813c2bff-48ce-4853-94b7-a966dd164ef4;USD-BTC
42;53531296;2020-02-27T03:33:36.81;0.0008;8669.425;6.93554;FILL;BUY;9eda1bda-7f2a-4615-b403-a644ba3e0bcf;USD-BTC
43;53531295;2020-02-27T03:33:36.48;0.1595232;8669.424;1382.9742586368;FILL;BUY;2b8d3059-c629-4bca-b4b8-5a53587a2a64;USD-BTC
44;53531294;2020-02-27T03:33:35.25;0.00077136;8669.424;6.68724689664;FILL;BUY;7a050bf6-42b0-4733-89ac-66cf66f9d383;USD-BTC
45;53531204;2020-02-27T03:32:18.84;0.00212697;8667.47;18.4354486659;FILL;BUY;c7e8ef13-b47f-435d-a01a-1ec1d427f5da;USD-BTC
46;53531184;2020-02-27T03:31:35.33;0.07937551;8665.467;687.82586251317;FILL;BUY;45500836-3a83-409d-bb98-083415c1c934;USD-BTC
47;53531183;2020-02-27T03:31:35.15;0.15875103;8665.467;1375.65181168101;FILL;BUY;96c0722a-ddb8-474a-9132-463e668f4500;USD-BTC
48;53531178;2020-02-27T03:31:27.2;0.12204898;8662.652;1057.26784069496;FILL;SELL;6fac1b53-88cd-43ba-9957-59fbddd78e51;USD-BTC
49;53531177;2020-02-27T03:31:27.2;0.0776223;8662.653;672.4150499619;FILL;SELL;23742752-8f9d-4423-a7a3-e57ff0ef9b0d;USD-BTC
50;53531165;2020-02-27T03:30:59.61;0.00098156;8670.491;8.51060714596;FILL;BUY;4ccdcadb-d36f-4290-a6cd-150ee0cd8722;USD-BTC
51;53531137;2020-02-27T03:30:22.43;0.00446655;8678.381;38.76242265555;FILL;BUY;f60b14c2-d7c5-47f9-91b9-6b7a94b20dcb;USD-BTC
52;53531125;2020-02-27T03:30:02.83;0.019657;8680.517;170.632922669;FILL;BUY;37306d15-7f51-4ee1-b36c-49e514b4967b;USD-BTC
53;53531065;2020-02-27T03:27:19.45;0.00030084;8679.262;2.61106918008;FILL;BUY;73acd839-8ab2-40f2-9429-831b6e4c7ca6;USD-BTC
54;53531058;2020-02-27T03:27:13.39;0.00065785;8678.425;5.70910188625;FILL;SELL;0aa7700d-e924-404d-9f1c-885c2a3350b1;USD-BTC
55;53531057;2020-02-27T03:27:13.39;0.00033661;8678.425;2.92124463925;FILL;SELL;81a5e1eb-6e3c-4f2e-bb0d-05e28c329dc2;USD-BTC
56;53531036;2020-02-27T03:26:46.26;0.00147737;8680.515;12.82433244555;FILL;BUY;0b44dde6-4ea7-498f-b610-4df9b634dca4;USD-BTC
57;53531028;2020-02-27T03:26:37.4;0.2022;8675.907;1754.2683954;FILL;BUY;e485f5e9-de37-4903-ac07-8c9a72313dca;USD-BTC
58;53531026;2020-02-27T03:26:34.42;0.2022;8674.813;1754.0471886;FILL;BUY;978524db-248d-4d77-b5de-3ce1a8c502fb;USD-BTC
59;53531025;2020-02-27T03:26:34.42;0.0759129;8674.812;658.5301358748;FILL;BUY;53c6c8a4-8ffa-4b36-8fdc-4c1c3c367c89;USD-BTC
60;53531024;2020-02-27T03:26:31.18;0.08519503;8672.744;738.87468526232;FILL;BUY;2a8c5bcd-27fe-44c8-ad94-1933c5d7dd14;USD-BTC
61;53531023;2020-02-27T03:26:30.2;0.6978;8672.744;6051.8407632;FILL;BUY;7a49d643-591b-4afa-b8f7-8a176eea927f;USD-BTC
62;53531022;2020-02-27T03:26:30.2;0.2022;8671.728;1753.4234016;FILL;BUY;827709f3-d00c-4b17-857a-abf22c97c79a;USD-BTC
63;53530936;2020-02-27T03:25:02.75;0.0357114;8669.992;309.6175523088;FILL;BUY;9963dcda-5bb0-42e4-b038-549b5214ad3e;USD-BTC
64;53530906;2020-02-27T03:24:05.57;0.58154342;8664.955;5039.0475648461;FILL;BUY;1c387a45-c8b5-460f-8095-e9eb3d66d2a7;USD-BTC
65;53530905;2020-02-27T03:24:05.57;0.34350152;8664.954;2976.42486973008;FILL;BUY;89ae32f6-d965-4121-9996-a22763393135;USD-BTC
66;53530888;2020-02-27T03:23:39.45;0.00030272;8669.849;2.62453668928;FILL;SELL;871791d7-6b70-489b-9730-c57e304b89a9;USD-BTC
67;53530887;2020-02-27T03:23:39.45;0.00038167;8669.849;3.30902126783;FILL;SELL;119c9c2e-3d31-42af-8d47-8d9aa6723ffc;USD-BTC
68;53530857;2020-02-27T03:22:43.57;0.00033217;8672.737;2.88082304929;FILL;BUY;78aceec4-afd5-485c-ab3c-ced6fd9d586a;USD-BTC
69;53530785;2020-02-27T03:21:04.17;0.00127235;8664.904;11.0247906044;FILL;SELL;3c9f55a6-7139-49c9-994c-0d153b423d1e;USD-BTC
70;53530784;2020-02-27T03:21:04.17;0.0002751;8664.904;2.3837150904;FILL;SELL;9ad4f6f4-d7b2-4385-9a2d-13a051e0e4c4;USD-BTC
71;53530775;2020-02-27T03:20:44.43;0.00145295;8671.802;12.5996947159;FILL;SELL;38c7cb3f-2456-4477-8506-b4534916ec20;USD-BTC
72;53530774;2020-02-27T03:20:44.43;0.00031415;8671.802;2.7242465983;FILL;SELL;19ddf1c1-c29f-4bec-8dc7-095dd2bb442d;USD-BTC
73;53530773;2020-02-27T03:20:44.43;0.00032545;8671.802;2.8222379609;FILL;SELL;336928f9-a175-478e-98a0-efee358d6ccf;USD-BTC
74;53530747;2020-02-27T03:20:02.79;0.0561663;8672.734;487.1153796642;FILL;BUY;b66cce15-9f7f-4a2a-95c7-377663742ea2;USD-BTC
75;53530746;2020-02-27T03:20:02.79;0.0762237;8672.733;661.0677983721;FILL;BUY;835f060c-1b27-40c9-9553-d7b47f34cb02;USD-BTC
76;53530627;2020-02-27T03:18:08.03;0.03341652;8666.742;289.61235737784;FILL;BUY;796f14a2-ee90-4f03-83d6-2f47cf63cf92;USD-BTC
77;53530626;2020-02-27T03:18:08.03;0.0760683;8666.741;659.2642544103;FILL;BUY;55b6230c-43a0-4cea-a1b1-168c5822a16d;USD-BTC
78;53530553;2020-02-27T03:15:38.53;0.00116348;8658.311;10.07377168228;FILL;SELL;c5b8d884-fd20-41bd-b442-5333747b8f9e;USD-BTC
79;53530535;2020-02-27T03:15:02.75;0.1835;8672.149;1591.3393415;FILL;BUY;60980202-8654-48cb-ab53-1c9471440efa;USD-BTC
80;53530515;2020-02-27T03:14:38.59;0.69452561;8653.246;6009.90095663006;FILL;SELL;2f217415-9d41-43d5-a88b-f106f1b92d71;USD-BTC
81;53530514;2020-02-27T03:14:38.59;0.01713828;8653.248;148.30178713344;FILL;SELL;81452110-88cb-41a6-b3b8-aeb9f42fda48;USD-BTC
82;53530513;2020-02-27T03:14:38.59;0.0770784;8653.249;666.9785877216;FILL;SELL;0ec2e8ff-6038-4d42-b0ba-a1836e45961e;USD-BTC
83;53530444;2020-02-27T03:13:27.82;0.2;8648.309;1729.6618;FILL;BUY;bb54da31-bb11-4fd7-8010-b928d01960d1;USD-BTC
84;53530410;2020-02-27T03:12:44.71;0.01;8648.27;86.4827;FILL;BUY;0ed798ba-b7ef-490f-a4ac-0bffd9c1fc40;USD-BTC
85;53530409;2020-02-27T03:12:43.15;0.89135975;8650.0;7710.2618375;FILL;SELL;14a8ebdc-e486-41ac-9090-8e3f19109814;USD-BTC
86;53530408;2020-02-27T03:12:43.14;0.9;8650.0;7785.0;FILL;SELL;98a29f6f-8520-469c-a8a0-5f85cc7527b5;USD-BTC
87;53530391;2020-02-27T03:12:25.84;0.0763791;8650.001;660.6792913791;FILL;SELL;68b9ef53-0120-45ba-b1ef-40ee7431021a;USD-BTC
88;53530375;2020-02-27T03:12:13.15;0.00030659;8655.789;2.65377834951;FILL;SELL;92058cd4-4829-4d9f-98c6-4be04257524f;USD-BTC
89;53530329;2020-02-27T03:11:24.4;0.06423831;8661.155;556.37795984805;FILL;BUY;528be951-4dcf-4882-8e6a-dcdef0035725;USD-BTC
90;53530287;2020-02-27T03:10:36.57;0.00030553;8664.234;2.64718341402;FILL;SELL;a940286b-7080-4c29-a8c1-8cd42a35afb8;USD-BTC
91;53530286;2020-02-27T03:10:36.57;0.80704283;8664.235;6992.40873418505;FILL;SELL;11027b36-b566-442a-b48a-643c381f4aa1;USD-BTC
92;53530279;2020-02-27T03:10:22.32;0.16191401;8659.003;1402.01389833203;FILL;SELL;7daac6e4-ba14-460f-99c0-a4b88d365fab;USD-BTC
93;53530264;2020-02-27T03:10:02.62;0.0309064;8660.456;267.6635173184;FILL;BUY;e73cb328-b153-47f5-b9a9-88d6d3e8b5ce;USD-BTC
94;53530243;2020-02-27T03:09:39.04;0.00713828;8661.05;61.824999994;FILL;BUY;6719cce2-225d-40d2-b2d6-3c6231837152;USD-BTC
95;53530236;2020-02-27T03:09:38.67;0.00298399;8661.051;25.84448957349;FILL;BUY;3d433a07-88e0-4f53-8951-0a14a501bebc;USD-BTC
96;53530225;2020-02-27T03:09:38.06;0.0231316;8658.075;200.27512767;FILL;SELL;16fd9ddb-d269-468a-9285-1cb06c8e006d;USD-BTC
97;53530224;2020-02-27T03:09:38.06;0.10746929;8658.077;930.47738795533;FILL;SELL;fb88b482-f37d-4408-aa23-378f5bfb7b1d;USD-BTC
98;53530223;2020-02-27T03:09:38.06;0.02838125;8658.077;245.72704785625;FILL;SELL;44d80f0d-70c9-4550-9c7f-5dbadba63949;USD-BTC
99;53530222;2020-02-27T03:09:38.06;0.076923;8658.078;666.005333994;FILL;SELL;ddd1c4ed-01fb-49d6-bbc3-24f04f25e8f9;USD-BTC
100;53531574;2020-02-27T03:38:37.51;0.03832292;60.154;2.30527692968;FILL;BUY;086961e2-9ff5-43fb-812d-b710463d6a03;USD-LTC
101;53530432;2020-02-27T03:13:08.21;0.08492607;59.324;5.03815417668;FILL;SELL;8ef9b7ef-371f-4983-97dc-6a399380df7a;USD-LTC
102;53530331;2020-02-27T03:11:26.28;0.08478315;59.416;5.0374756404;FILL;BUY;5d05735e-55f2-462d-bcd9-bb3382d7f873;USD-LTC
103;53530317;2020-02-27T03:11:09.95;0.08465494;59.433;5.03129704902;FILL;BUY;9f7cd1e8-3cb5-4029-8f75-f4c81ca0b2e5;USD-LTC
104;53529699;2020-02-27T03:00:58.57;22.57951074;60.082;1356.62216428068;FILL;BUY;9924e415-6e08-4b7d-b452-9f418f6d0df6;USD-LTC
105;53528866;2020-02-27T02:39:28.72;0.14372188;59.958;8.61727648104;FILL;BUY;64458f96-5c7a-40c0-ac8d-adfac6cf7f9b;USD-LTC
106;53528835;2020-02-27T02:39:07.83;0.64093132;59.142;37.90596012744;FILL;SELL;cf559739-1953-4706-abe0-3e8aea318847;USD-LTC
107;53528834;2020-02-27T02:39:07.83;0.03832292;59.342;2.27415871864;FILL;SELL;2a11737d-3303-4818-b7a9-2e8756a38268;USD-LTC
108;53528768;2020-02-27T02:38:02.27;3.0;59.668;179.004;FILL;SELL;d0a00e02-aa6e-4c7f-8106-49b5f22da9ec;USD-LTC
109;53528469;2020-02-27T02:32:54.18;0.64987778;59.857;38.89973427746;FILL;SELL;cd86d590-e18d-4ee1-a517-c168b9d442d8;USD-LTC
110;53527661;2020-02-27T02:16:41.94;0.163;60.784;9.907792;FILL;BUY;c62be8f3-4c0c-412d-bddf-fb3ee9f4fdf5;USD-LTC
111;53527378;2020-02-27T02:12:08.02;0.0864;60.333;5.2127712;FILL;BUY;3f8700b8-2ce3-4565-85cd-250c72c45ebb;USD-LTC
112;53526984;2020-02-27T02:04:32.59;0.7765514;60.568;47.0341651952;FILL;BUY;05e90756-ced2-43d1-8274-a1d3ca85df47;USD-LTC
113;53526983;2020-02-27T02:04:32.59;14.13563109;60.568;856.16690385912;FILL;BUY;77e1c459-0579-4544-aa54-246a7edeef7e;USD-LTC
114;53526982;2020-02-27T02:04:32.59;0.82551842;60.568;49.99999966256;FILL;BUY;874c0872-5634-4e62-9f5d-ee3543880a0d;USD-LTC
115;53526981;2020-02-27T02:04:32.59;0.93229144;60.566;56.46516335504;FILL;BUY;6d330736-5bab-4bbb-b0c5-3dab059ec7d6;USD-LTC
116;53526895;2020-02-27T02:02:47.36;0.0861;60.138;5.1778818;FILL;SELL;a52db6e7-4826-4d3b-b373-71a0d0cb2bdc;USD-LTC
117;53526570;2020-02-27T01:58:19.73;0.7136349;60.572;43.2262931628;FILL;BUY;7f899c5f-6dfd-4430-b742-dd147b1c1370;USD-LTC
118;53526554;2020-02-27T01:58:00.06;0.0;60.707;0.0;FILL;BUY;e5f73dca-e02f-4043-a5c3-e78092314cc6;USD-LTC
119;53526553;2020-02-27T01:58:00.06;0.87043647;60.707;52.84158678429;FILL;BUY;5fe74729-3a5e-427c-9bbf-07e24ecdf8ba;USD-LTC
120;53526292;2020-02-27T01:55:22.59;0.163;60.572;9.873236;FILL;BUY;50f39248-f87f-4438-b033-8a6f9664eba4;USD-LTC
121;53526200;2020-02-27T01:54:33.37;0.163;60.361;9.838843;FILL;BUY;cf5667f8-0396-437b-a6fd-ccc8492a2097;USD-LTC
122;53526172;2020-02-27T01:54:12.94;0.09197034;60.304;5.54617938336;FILL;BUY;bb9db6ce-9cdb-4168-a393-e7a7df8a29db;USD-LTC
123;53526110;2020-02-27T01:53:44.78;0.1736324;60.186;10.4502396264;FILL;BUY;2dadaabe-74e3-4a04-ac92-3a589d53f78d;USD-LTC
124;53526105;2020-02-27T01:53:42.9;0.03832292;60.154;2.30527692968;FILL;BUY;18659b87-83fb-40d8-922d-8d26eb0e3e06;USD-LTC
125;53526102;2020-02-27T01:53:41.59;0.163;60.15;9.80445;FILL;BUY;91c8a8dd-b4c5-47e8-9d98-8e5b8988ad97;USD-LTC
126;53525820;2020-02-27T01:49:59.83;0.10208769;59.755;6.10024991595;FILL;SELL;4f78972e-1edc-4d15-97e0-837c26aea994;USD-LTC
127;53525778;2020-02-27T01:49:47.81;0.163;59.941;9.770383;FILL;BUY;02d8f208-a389-4787-b6f3-fab4769d3a93;USD-LTC
128;53525694;2020-02-27T01:49:24.39;0.163;59.732;9.736316;FILL;BUY;db1a6e37-7f5c-458e-89a2-f81d97f878c8;USD-LTC
129;53525643;2020-02-27T01:49:10.98;0.10962003;59.671;6.54113681013;FILL;BUY;6d03d10a-8f4c-4951-b174-0dd8b2ddf564;USD-LTC
130;53525588;2020-02-27T01:48:46.06;0.01339325;59.669;0.79916183425;FILL;BUY;6de6a56a-ef81-4586-b42f-e112bf88123d;USD-LTC
131;53525587;2020-02-27T01:48:46.06;0.02015967;59.524;1.19998419708;FILL;BUY;1d3ea543-a8bf-44e9-9dc9-b4b19a722358;USD-LTC
132;53525565;2020-02-27T01:48:31.53;0.36380335;59.492;21.6433888982;FILL;BUY;545a0c19-5940-4096-8aa0-2f52a0739a32;USD-LTC
133;53524979;2020-02-27T01:38:49.47;0.14321337;59.492;8.52004980804;FILL;BUY;c8a20e37-68d9-4165-a62f-aedd950cf23f;USD-LTC
134;53524974;2020-02-27T01:38:39.39;4.99348659;59.352;296.37341608968;FILL;SELL;c2014e9c-757c-4afa-be4a-27b103f8e17a;USD-LTC
135;53524912;2020-02-27T01:37:54.34;4.00651341;59.352;237.79458391032;FILL;SELL;ca7c8be6-2d1f-4216-b074-f7b9fb8c9860;USD-LTC
136;53524721;2020-02-27T01:35:20.45;0.14284033;59.519;8.50171360127;FILL;BUY;66ea416f-d310-40ce-99ec-048e3194fbf1;USD-LTC
137;53524706;2020-02-27T01:35:07.76;0.14284033;59.524;8.50242780292;FILL;BUY;6329f128-e3f9-4373-aae6-36f1aadb3173;USD-LTC
138;53524612;2020-02-27T01:33:51.45;0.03925761;59.507;2.33610259827;FILL;SELL;b5c2756b-7665-48a8-9dfa-ddc807eb557d;USD-LTC
139;53524601;2020-02-27T01:33:40.89;0.03832292;59.342;2.27415871864;FILL;BUY;d1fccb00-8958-4031-864a-dd179a46f648;USD-LTC
140;53524595;2020-02-27T01:33:38.87;0.163;59.317;9.668671;FILL;BUY;25c15b61-bb5f-4849-8620-09ed8300c84e;USD-LTC
141;53524554;2020-02-27T01:33:11.81;0.0874;59.238;5.1774012;FILL;BUY;7128459e-79c3-4f1b-838e-b911cfd43fe9;USD-LTC
142;53524552;2020-02-27T01:33:11.03;0.0875;59.244;5.18385;FILL;BUY;ce0ec1d2-c7eb-49fe-a5f3-e7ed29cf9fe7;USD-LTC
143;53524551;2020-02-27T01:33:11.03;0.18187719;59.244;10.77513224436;FILL;BUY;d7232430-8d65-4efa-8705-f4a081db85bc;USD-LTC
144;53524077;2020-02-27T01:28:00.9;0.163;59.11;9.63493;FILL;BUY;ef5efa5c-da52-4564-b0f4-fedbac3fa4eb;USD-LTC
145;53524076;2020-02-27T01:28:00.9;0.03355292;59.109;1.98327954828;FILL;BUY;36972d9c-eb14-4d7e-ad93-c85cf5e9b8af;USD-LTC
146;53523523;2020-02-27T01:23:22.28;76.59581827;58.89;4510.7277379203;FILL;SELL;a237360a-044d-424d-8436-473e1f52c3e4;USD-LTC
147;53523289;2020-02-27T01:22:04.65;0.163;58.904;9.601352;FILL;BUY;f5a5c8ad-1c3d-4e95-832f-9274e501b10d;USD-LTC
148;53523191;2020-02-27T01:21:50.01;0.163;58.698;9.567774;FILL;BUY;63b0396a-c20d-4506-aefc-f68259ac86a3;USD-LTC
149;53522861;2020-02-27T01:18:59.21;0.03832292;58.54;2.2434237368;FILL;BUY;46c62b8b-8de1-4bae-9443-5155a64df799;USD-LTC
150;53522857;2020-02-27T01:18:57.88;0.163;58.493;9.534359;FILL;BUY;3363d0d6-ee8b-4e96-8815-4a100c757533;USD-LTC
151;53522832;2020-02-27T01:18:45.23;0.1831164;58.359;10.6864899876;FILL;BUY;a6da4d31-e51c-44fb-b5a1-809ef618335e;USD-LTC
152;53522828;2020-02-27T01:18:42.77;0.4776953;58.352;27.8744761456;FILL;BUY;c98e43b9-2642-469c-a7db-60547e64dc69;USD-LTC
153;53522822;2020-02-27T01:18:38.13;0.163;58.289;9.501107;FILL;BUY;032b2759-7522-47c9-9280-783c7e9173f8;USD-LTC
154;53522807;2020-02-27T01:18:30.46;0.08969881;58.229;5.22307200749;FILL;BUY;13f16cfd-465e-4822-b9fc-3f3b7b2cdc0b;USD-LTC
155;53522778;2020-02-27T01:18:15.74;0.163;58.086;9.468018;FILL;BUY;cfa93251-4d94-4ece-b984-a38ee1948e62;USD-LTC
156;53522350;2020-02-27T01:14:45.23;4.73539821;57.335;271.50405637035;FILL;SELL;8bbd716a-fa2f-45c8-99b6-43834aac0848;USD-LTC
157;53522176;2020-02-27T01:13:41.2;17.24;58.069;1001.10956;FILL;BUY;baf29cf0-f43e-46ad-b152-6f9d09db7116;USD-LTC
158;53521881;2020-02-27T01:11:36.04;0.163;57.884;9.435092;FILL;BUY;57e3e4d8-a7af-4c4d-8d16-918c3ea11d67;USD-LTC
159;53521863;2020-02-27T01:11:27.32;0.163;57.682;9.402166;FILL;BUY;24f5da7b-eb9a-446a-9747-9a7805d57b1f;USD-LTC
160;53521761;2020-02-27T01:10:27.09;0.163;57.481;9.369403;FILL;BUY;6f48cbf8-cd0f-4e65-93ae-0cd8506f75f7;USD-LTC
161;53521424;2020-02-27T01:08:45.46;4.00392141;57.341;229.58885757081;FILL;SELL;42aeebfb-2964-4b19-935a-a27532f35825;USD-LTC
162;53521409;2020-02-27T01:08:44.71;5.59112373;57.341;320.60062580193;FILL;SELL;7b15cb25-88c9-4c42-a4cb-060d16d604fe;USD-LTC
163;53521109;2020-02-27T01:07:57.31;0.43253584;57.341;24.80203760144;FILL;SELL;80487340-9eba-4301-8e46-7817ce00d6e1;USD-LTC
164;53521073;2020-02-27T01:07:55.92;0.1831164;57.402;10.5112475928;FILL;SELL;96637237-f72e-43ef-ae0b-ad66317b13dd;USD-LTC
165;53521072;2020-02-27T01:07:55.92;0.86821;57.406;49.84046326;FILL;SELL;2e44412e-5358-4013-ada5-17a254be5138;USD-LTC
166;53521071;2020-02-27T01:07:55.92;0.09048303;57.417;5.19526413351;FILL;SELL;d5344764-1a8f-42fc-ac37-bf85ef91b100;USD-LTC
167;53521070;2020-02-27T01:07:55.92;0.86843;57.42;49.8652506;FILL;SELL;9f830786-c5be-4784-825a-bbe3c4753d6e;USD-LTC
168;53521069;2020-02-27T01:07:55.92;0.86655;57.435;49.77029925;FILL;SELL;e824df86-11d1-4356-89d7-8562471e1151;USD-LTC
169;53521068;2020-02-27T01:07:55.92;18.53542194;57.436;1064.60049454584;FILL;SELL;5ca04e6d-d2cf-4da1-bbe6-f01cf242230d;USD-LTC
170;53521053;2020-02-27T01:07:54.59;0.18187719;57.51;10.4597571969;FILL;SELL;206ef51a-7887-4eba-b131-2c869974536b;USD-LTC
171;53521052;2020-02-27T01:07:54.59;0.03355292;57.511;1.92966198212;FILL;SELL;a2ce260d-c56c-493e-81dd-9738ba0ab468;USD-LTC
172;53521022;2020-02-27T01:07:37.2;0.09013765;57.637;5.19526373305;FILL;SELL;1fe6104a-1325-4170-afec-7f401e439043;USD-LTC
173;53520860;2020-02-27T01:06:50.84;0.03832292;57.75;2.21314863;FILL;SELL;dcf4a61a-4331-4632-b406-83790516097f;USD-LTC
174;53520763;2020-02-27T01:06:14.35;0.08979491;57.857;5.19526410787;FILL;SELL;c366144a-f882-4780-a1a3-8b44c3d247a3;USD-LTC
175;53520601;2020-02-27T01:05:19.48;1.0;58.0;58.0;FILL;BUY;41525c88-fb77-41ba-b8cb-7d4e2425d7c1;USD-LTC
176;53520600;2020-02-27T01:05:19.48;3.03336882;57.999;175.93235819118;FILL;BUY;b3d301e6-25d2-475d-af1e-78c7244f0eb3;USD-LTC
177;53520599;2020-02-27T01:05:19.48;1.0;57.982;57.982;FILL;BUY;26980da3-38d7-461b-906f-4a7548b10a21;USD-LTC
178;53520556;2020-02-27T01:05:10.87;1.0644369;57.96;61.694762724;FILL;SELL;48a7c27c-909f-4536-ad22-6a2733cc5eba;USD-LTC
179;53520527;2020-02-27T01:05:08.67;0.66700456;58.0;38.68626448;FILL;SELL;754aa00b-e799-43ce-bcbf-f0aab881c689;USD-LTC
180;53520515;2020-02-27T01:05:07.88;1.33299544;58.0;77.31373552;FILL;SELL;4e5faa75-0834-4b2d-9e49-dcb13cd4e789;USD-LTC
181;53520380;2020-02-27T01:04:31.88;0.09338776;58.172;5.43255277472;FILL;SELL;bc3dfa66-0a6a-4630-a12e-880fbfd80e6f;USD-LTC
182;53520191;2020-02-27T01:04:03.42;0.326;58.325;19.01395;FILL;SELL;76dea85f-5d60-4387-8737-377be9c52893;USD-LTC
183;53520123;2020-02-27T01:03:02.52;0.08771815;58.352;5.1185294888;FILL;SELL;0c3348aa-a3b0-4517-b9f6-879a793a993c;USD-LTC
184;53518871;2020-02-27T00:50:30.74;0.163;59.154;9.642102;FILL;BUY;5d02e8d5-22dc-4287-9c93-f5be0ccc4151;USD-LTC
185;53518696;2020-02-27T00:48:32.26;0.0883;58.948;5.2051084;FILL;BUY;3c47697d-931a-4800-94ac-c8bc30a4276d;USD-LTC
186;53518695;2020-02-27T00:48:32.26;0.163;58.948;9.608524;FILL;BUY;0c122718-6a02-4af5-b635-a50197ebf2ca;USD-LTC
187;53518503;2020-02-27T00:45:22.15;0.6364;59.04;37.573056;FILL;BUY;bf1e922f-9673-47b5-9cc6-676b02778cb3;USD-LTC
188;53518338;2020-02-27T00:42:48.69;0.08384711;58.352;4.89264656272;FILL;SELL;90bf4354-5240-4f35-ad03-93aa2ee72a0f;USD-LTC
189;53518337;2020-02-27T00:42:48.69;0.326;58.388;19.034488;FILL;SELL;a3326aa5-601a-444e-8364-7200529c8d75;USD-LTC
190;53518266;2020-02-27T00:41:49.57;71.17796475;58.416;4157.931988836;FILL;BUY;5309fb7f-622a-4f61-ba5d-72d7d45f4e5e;USD-LTC
191;53518249;2020-02-27T00:41:36.74;11.12356732;58.423;649.87217353636;FILL;SELL;4b88e8bd-ed13-45b2-9b6f-7765c84b9e5f;USD-LTC
192;53518248;2020-02-27T00:41:36.74;17.046;58.423;995.878458;FILL;SELL;5607e750-154d-4d02-a178-eb786668c152;USD-LTC
193;53517851;2020-02-27T00:37:13;0.67925424;58.8;39.940149312;FILL;SELL;e7ed6663-c760-4c63-a956-a323ed133434;USD-LTC
194;53517829;2020-02-27T00:37:06.77;0.03832292;58.54;2.2434237368;FILL;SELL;cb57f8e4-b2eb-422b-a641-b4b0ba625cec;USD-LTC
195;53517828;2020-02-27T00:37:06.77;0.08351792;58.582;4.89264678944;FILL;SELL;48ad44a2-7e65-433d-8509-aee7274eb93b;USD-LTC
196;53517820;2020-02-27T00:37:05.75;0.09111664;58.624;5.34162190336;FILL;SELL;f3d05691-9191-4233-a837-041a55afbd59;USD-LTC
197;53516835;2020-02-27T00:28:16.02;0.0884;59.339;5.2455676;FILL;BUY;96e64a3b-6c30-40db-8eae-aabb5323baa2;USD-LTC
198;53516823;2020-02-27T00:28:10.36;0.163;59.218;9.652534;FILL;BUY;8ea833b2-5fb3-4920-ad22-6c6467c87577;USD-LTC
199;53516776;2020-02-27T00:27:44.44;0.163;59.012;9.618956;FILL;BUY;1421e75f-6b3f-40f4-ae65-ffa4b57790ec;USD-LTC
200;53531668;2020-02-27T03:41:09.4;0.77036281;217.956;167.90519661636;FILL;SELL;fde5d63e-e8b5-442d-8281-70a25b3d5c24;USD-ETH
201;53531660;2020-02-27T03:41:01.14;0.05077372;218.411;11.08953895892;FILL;SELL;1083ae0c-013b-437b-a934-6245959e456e;USD-ETH
202;53531492;2020-02-27T03:36:54.39;3.34;217.194;725.42796;FILL;SELL;5c7e5d6d-42ab-4010-a1a8-6f3d9cbce663;USD-ETH
203;53531490;2020-02-27T03:36:52.9;3.34;217.124;725.19416;FILL;BUY;280f84f1-47e6-4d2b-97e8-9c7e55e387fc;USD-ETH
204;53531485;2020-02-27T03:36:49.22;3.34;216.962;724.65308;FILL;BUY;b803b2aa-bdb6-4427-86b8-daf43618b86a;USD-ETH
205;53531481;2020-02-27T03:36:44.75;3.34;216.862;724.31908;FILL;BUY;aa6ad548-dc8e-4745-98c9-4c14847684a8;USD-ETH
206;53531462;2020-02-27T03:36:32.36;3.34;216.748;723.93832;FILL;BUY;2a7aa39e-e1e0-47fe-8f3c-063ce78cf506;USD-ETH
207;53531453;2020-02-27T03:36:30.25;3.34;216.624;723.52416;FILL;BUY;2d92f045-6ead-46e3-92bd-5c5134f857be;USD-ETH
208;53531312;2020-02-27T03:33:45.87;4.125;215.537;889.090125;FILL;BUY;b05e0901-454b-4bd5-bccb-290a8dbe4c31;USD-ETH
209;53531307;2020-02-27T03:33:44;0.04981613;215.453;10.73303465689;FILL;SELL;8d78b200-3a97-4366-98f3-d2b2328dbda1;USD-ETH
210;53531305;2020-02-27T03:33:43.89;1.53192486;215.348;329.89695475128;FILL;BUY;7538b108-ef75-4755-8ba1-fd6578e94e7c;USD-ETH
211;53531302;2020-02-27T03:33:41.61;3.96;215.243;852.36228;FILL;BUY;95033441-3b7c-4b9e-85f5-17107123ded2;USD-ETH
212;53531226;2020-02-27T03:32:26.56;0.04987499;214.968;10.72152685032;FILL;SELL;acb40f5f-f10f-4caf-a7a6-263833c3ea11;USD-ETH
213;53531219;2020-02-27T03:32:25.04;0.04987;214.968;10.72045416;FILL;SELL;308e43f7-4dab-43ca-89b1-7e16428f17c6;USD-ETH
214;53531042;2020-02-27T03:26:48.23;0.05;215.238;10.7619;FILL;BUY;81c386eb-9a13-4936-b941-0c55c591ea8a;USD-ETH
215;53531032;2020-02-27T03:26:40.31;0.05;215.015;10.75075;FILL;BUY;078635dd-91d9-43c3-93e7-d90f3715c4ca;USD-ETH
216;53531031;2020-02-27T03:26:40.26;0.02;215.015;4.3003;FILL;BUY;aea5de51-7bcc-4909-bf6d-5c4cb0e43990;USD-ETH
217;53531018;2020-02-27T03:26:27.96;5.92536723;214.636;1271.79712077828;FILL;BUY;a3a80f6b-5364-40f9-b266-f8c8667bbe97;USD-ETH
218;53531017;2020-02-27T03:26:27.75;2.39444634;214.636;513.93438463224;FILL;BUY;4de782be-8b2a-4638-82d7-72f39651d1df;USD-ETH
219;53531012;2020-02-27T03:26:24.04;0.04;214.636;8.58544;FILL;BUY;787b0dbe-1547-43c1-bb5e-5244ec2ccf7e;USD-ETH
220;53530999;2020-02-27T03:26:10.06;0.02987513;214.636;6.41227840268;FILL;SELL;25e68bec-9cd6-4ce8-8418-61f7d4c1ed3d;USD-ETH
221;53530998;2020-02-27T03:26:10.06;0.03111098;214.636;6.67753630328;FILL;SELL;88660bae-a43f-4a70-abc0-b7dec3a7fec3;USD-ETH
222;53530772;2020-02-27T03:20:43.6;0.02615911;215.091;5.62658912901;FILL;SELL;a16b8f27-7257-471d-abfb-4597aaf2ae57;USD-ETH
223;53530771;2020-02-27T03:20:43.6;4.17384089;215.091;897.75561087099;FILL;SELL;623c9fe3-893b-41d8-bec5-c4a5e20f0720;USD-ETH
224;53530722;2020-02-27T03:19:31.59;3.65;215.516;786.6334;FILL;BUY;94d0c3d6-d172-4a9b-9ec7-3cb1189802f0;USD-ETH
225;53530688;2020-02-27T03:19:18.42;3.81;215.381;820.60161;FILL;BUY;6e82594d-0b3f-419c-9a99-9d5d133b9e29;USD-ETH
226;53530672;2020-02-27T03:18:57.51;5.0;215.0;1075.0;FILL;BUY;9e33c0a3-63e4-4afe-88ad-47207e28a297;USD-ETH
227;53530370;2020-02-27T03:12:10.87;2.99999998;214.977;644.93099570046;FILL;SELL;ac4d6d4c-903b-4cdb-bc5d-b21116c6911a;USD-ETH
228;53530369;2020-02-27T03:12:10.87;0.00170876;215.25;0.36781059;FILL;SELL;fdbe3932-d85d-499a-b4c0-d1114ed44a7d;USD-ETH
229;53530337;2020-02-27T03:11:40.71;0.23;215.25;49.5075;FILL;SELL;43e6131b-a6cd-4e6a-a9ea-28e77d1615c6;USD-ETH
230;53530336;2020-02-27T03:11:40.71;6.0;215.251;1291.506;FILL;SELL;01fbe5dc-b01d-408a-9559-390988612d8b;USD-ETH
231;53530297;2020-02-27T03:10:41.85;6.3031526;216.153;1362.4453439478;FILL;BUY;ec616f7c-99c2-4f0c-bb77-b784ae5e805f;USD-ETH
232;53530296;2020-02-27T03:10:41.85;9.27818073;216.152;2005.49732115096;FILL;BUY;8c4cb925-d07a-4325-b7b9-b65186f5c6dd;USD-ETH
233;53530295;2020-02-27T03:10:41.85;3.556;216.109;768.483604;FILL;BUY;8417c7c8-758a-465f-ab6d-13c421dae382;USD-ETH
234;53530294;2020-02-27T03:10:41.85;0.508;215.971;109.713268;FILL;BUY;1f80bf6a-f9d3-4bd8-a817-6b6c62c45d22;USD-ETH
235;53530293;2020-02-27T03:10:41.85;4.286;215.97;925.64742;FILL;BUY;6ab3fcae-1565-4cc9-bcaf-458be4a0ed89;USD-ETH
236;53530292;2020-02-27T03:10:41.85;2.4686667;215.899;532.9826718633;FILL;BUY;3244032a-1a2d-4efc-b6b4-59fa953d66d9;USD-ETH
237;53530291;2020-02-27T03:10:41.85;2.99999998;215.898;647.69399568204;FILL;BUY;7773c5ff-9f8b-44fa-a164-2fcb4b3b1b98;USD-ETH
238;53530290;2020-02-27T03:10:41.85;5.59999999;215.897;1209.02319784103;FILL;BUY;c464f476-4813-40eb-9973-c7d03a4651d4;USD-ETH
239;53530252;2020-02-27T03:09:41.1;0.25;215.343;53.83575;FILL;BUY;9bae44b1-414f-4ad1-a5d9-cf2c99e503c1;USD-ETH
240;53529998;2020-02-27T03:06:30.68;1.0;215.681;215.681;FILL;SELL;a1a8fd42-e6cb-4dbf-b067-b162aa71ec65;USD-ETH
241;53529968;2020-02-27T03:06:10.77;0.01610094;216.042;3.47847927948;FILL;SELL;45e66c84-8829-491e-8d9d-edb5d8fafd6b;USD-ETH
242;53529967;2020-02-27T03:06:10.77;0.01347476;216.042;2.91111409992;FILL;SELL;bf1fdb13-b474-4994-8290-ba5730cd5891;USD-ETH
243;53529887;2020-02-27T03:05:06.56;0.13224567;215.864;28.54707930888;FILL;BUY;a72625ad-7f6e-493c-ba34-39e8534e3e35;USD-ETH
244;53529814;2020-02-27T03:04:01.51;0.42;216.208;90.80736;FILL;SELL;555e842a-a29d-4f2a-bfc4-df1edadc6b47;USD-ETH
245;53529674;2020-02-27T03:00:27.63;0.02015317;216.426;4.36166997042;FILL;BUY;77cbe7a4-2452-4e40-88df-61da66239b6b;USD-ETH
246;53529573;2020-02-27T02:57:11.09;0.15;216.536;32.4804;FILL;BUY;23006e1b-f261-400b-ac84-7db9a1ef8a21;USD-ETH
247;53529526;2020-02-27T02:56:00.41;0.6;216.026;129.6156;FILL;BUY;70e379d0-3915-4d1a-918e-8b45d6ce7325;USD-ETH
248;53529468;2020-02-27T02:54:54.12;1.34379227;215.297;289.31444435419;FILL;SELL;91611d65-0ab4-4548-a5be-54785e328b3f;USD-ETH
249;53529240;2020-02-27T02:49:03.18;0.07052501;216.64;15.2785381664;FILL;SELL;e01952d1-ec60-4b4d-b6b7-df8ca8cf9184;USD-ETH
250;53528997;2020-02-27T02:42:11.57;0.59;215.399;127.08541;FILL;BUY;971f0b93-225a-4476-8af5-dff3ba99c4eb;USD-ETH
251;53528865;2020-02-27T02:39:28.44;0.0395165;215.049;8.4979838085;FILL;BUY;d32e192c-488a-4614-9af6-a1f4c5a658b4;USD-ETH
252;53528836;2020-02-27T02:39:09.21;0.03964755;215.1;8.528188005;FILL;BUY;170bc534-9aef-4536-9b45-252843a553f3;USD-ETH
253;53528810;2020-02-27T02:38:47.27;1.12772422;214.389;241.77166780158;FILL;SELL;4fe05797-541f-4e93-8353-106e29320822;USD-ETH
254;53528809;2020-02-27T02:38:47.27;0.02303901;214.636;4.94500095036;FILL;SELL;20e69b2b-cf49-4009-b08a-32b857a40d22;USD-ETH
255;53528804;2020-02-27T02:38:46.94;1.15076323;214.713;247.08382540299;FILL;SELL;bdf432e2-6b6b-4f97-9fb9-dc22bd987876;USD-ETH
256;53528785;2020-02-27T02:38:15.43;0.1;215.125;21.5125;FILL;SELL;def3a3f2-886b-4c05-94a6-e8b9cece1a60;USD-ETH
257;53528733;2020-02-27T02:37:28.55;0.342;216.007;73.874394;FILL;SELL;aa9f322f-6297-4d4c-a9a1-df60452c0bdf;USD-ETH
258;53528708;2020-02-27T02:37:20.46;3.91;216.238;845.49058;FILL;SELL;6b74e412-0ab3-4d7e-9027-43315c1b670d;USD-ETH
259;53528523;2020-02-27T02:33:39.28;0.0;217.199;0.0;FILL;BUY;55243a36-2095-4953-b811-4a5add7a8c36;USD-ETH
260;53528522;2020-02-27T02:33:39.28;42.79121702;217.199;9294.20954552698;FILL;BUY;9de8e8d3-4c37-4414-8d85-5bf45a2ff816;USD-ETH
261;53528521;2020-02-27T02:33:39.28;3.0;217.198;651.594;FILL;BUY;655ab27b-6e74-41af-bae5-9fb350eb2a62;USD-ETH
262;53528520;2020-02-27T02:33:39.28;9.22515607;217.197;2003.67622293579;FILL;BUY;8a0caa13-8a6e-41df-b0fb-395f68cb0cf8;USD-ETH
263;53528519;2020-02-27T02:33:39.28;0.97861313;217.195;212.54987877035;FILL;BUY;3bd5e826-d955-42ff-a6ca-70a31dcfe162;USD-ETH
264;53528386;2020-02-27T02:31:03.6;0.02053953;217.787;4.47324262011;FILL;BUY;3d5e4d14-5e24-4516-805e-a455782e2b7d;USD-ETH
265;53528385;2020-02-27T02:31:03.6;4.5873;217.739;998.8341147;FILL;BUY;8337f8a5-a33a-49d1-a1e1-3ca6ea76098a;USD-ETH
266;53528306;2020-02-27T02:29:18.72;0.2616717;217.564;56.9303417388;FILL;BUY;c766fc98-4906-48f4-81b8-56563bffd10b;USD-ETH
267;53528303;2020-02-27T02:29:18.5;0.88016197;217.564;191.49155884108;FILL;BUY;bfa6c52f-c3c0-40d1-be9a-eef8365913df;USD-ETH
268;53528297;2020-02-27T02:29:18.22;1.09669162;217.564;238.60061561368;FILL;BUY;708ad1cc-e92f-4fb4-b272-538b6f458d7f;USD-ETH
269;53528293;2020-02-27T02:29:18.07;1.09669162;217.564;238.60061561368;FILL;BUY;7e6aff96-5c79-4707-a0d2-d1210dabd1a1;USD-ETH
270;53528161;2020-02-27T02:27:12.63;2.909;218.25;634.88925;FILL;BUY;5bbdec78-0ff4-4c6e-a0e5-0ca82e560b48;USD-ETH
271;53528159;2020-02-27T02:27:12.05;2.91;218.413;635.58183;FILL;SELL;cc5015d6-1a3f-4378-9608-45be2dda25a0;USD-ETH
272;53528052;2020-02-27T02:24:13.46;0.54786962;218.354;119.62952300548;FILL;SELL;922c94de-ea92-4416-bbc3-d34ea8350650;USD-ETH
273;53527910;2020-02-27T02:21:14.85;0.414;218.777;90.573678;FILL;SELL;237637b3-d026-4fb5-8313-7abe34a1dd2c;USD-ETH
274;53527897;2020-02-27T02:21:10.35;1.13830032;219.078;249.37655750496;FILL;SELL;e72d8659-3c33-4f40-9f0f-f7932b1e4747;USD-ETH
275;53527711;2020-02-27T02:17:32.33;2.92999998;219.078;641.89853561844;FILL;SELL;39466bd9-5f76-47ec-b898-82d33e81b755;USD-ETH
276;53527423;2020-02-27T02:12:55.7;1.35377554;218.131;295.30041231574;FILL;SELL;10fac857-b3e0-47b4-860a-d202b70d1cc4;USD-ETH
277;53527355;2020-02-27T02:11:54.09;0.08;217.873;17.42984;FILL;SELL;007103be-b405-4760-b6bf-ad26904ba20d;USD-ETH
278;53527295;2020-02-27T02:10:52.77;23.0;217.396;5000.108;FILL;SELL;2998fd43-fdaf-4ba6-8ab4-87afa3457d3c;USD-ETH
279;53527183;2020-02-27T02:08:20.8;2.85;217.271;619.22235;FILL;BUY;e362f768-2305-4fc1-b1b9-f894ac9fc799;USD-ETH
280;53527176;2020-02-27T02:08:10.84;0.19939393;216.792;43.22700887256;FILL;BUY;e57fa9c6-b097-46a0-ab9b-a202cee6ef78;USD-ETH
281;53527175;2020-02-27T02:08:10.84;0.15979797;216.792;34.64292151224;FILL;BUY;6de68d5f-2b81-4218-a776-774928fca70f;USD-ETH
282;53527164;2020-02-27T02:08:01.64;5.08;216.792;1101.30336;FILL;BUY;83c9e0f4-b028-4a69-885a-f4d3ac5cd153;USD-ETH
283;53527036;2020-02-27T02:05:20.78;1.02347859;217.064;222.16035665976;FILL;SELL;74de225f-cdfc-46ce-bd50-037679405f83;USD-ETH
284;53526917;2020-02-27T02:03:11.28;0.0006571;218.033;0.1432694843;FILL;SELL;27ffc505-6619-4ff8-9206-14a490d0b178;USD-ETH
285;53526913;2020-02-27T02:03:09.25;2.675;218.033;583.238275;FILL;SELL;f0f35935-e3f7-4e8e-a563-b85f3b0f2b9a;USD-ETH
286;53526841;2020-02-27T02:01:57.47;2.908;218.337;634.923996;FILL;SELL;c9df04f7-9d47-47ee-9894-5fa8334a8ef6;USD-ETH
287;53526840;2020-02-27T02:01:57.47;1.0;218.424;218.424;FILL;SELL;0b53c114-6022-442e-8866-9e7df81eb798;USD-ETH
288;53526812;2020-02-27T02:01:25.5;0.07070707;218.494;15.44907055258;FILL;BUY;7ed2e912-436a-416f-a8f8-1eb0dc823032;USD-ETH
289;53526811;2020-02-27T02:01:25.5;0.11616161;218.494;25.38061481534;FILL;BUY;9f7619e1-7262-423a-9a3e-58bfff81b29d;USD-ETH
290;53526810;2020-02-27T02:01:25.5;0.10444445;218.494;22.8204856583;FILL;BUY;b08376ba-ce58-4aee-ae94-806c58eedf5c;USD-ETH
291;53526809;2020-02-27T02:01:25.5;0.11878787;218.494;25.95443686778;FILL;BUY;f3509059-dcaf-4968-a4a2-23212e436de9;USD-ETH
292;53526760;2020-02-27T02:00:40.58;7.96;218.494;1739.21224;FILL;BUY;9d757573-f3f2-459c-b715-353555199e79;USD-ETH
293;53526654;2020-02-27T01:59:04.22;4.01836953;218.365;877.47126241845;FILL;BUY;85aea712-7c5d-4df5-ae9f-c3d80b216eef;USD-ETH
294;53526651;2020-02-27T01:59:04.01;0.416;218.365;90.83984;FILL;SELL;370f9866-dd55-494e-b272-29b05027d68e;USD-ETH
295;53526566;2020-02-27T01:58:13.7;0.14121213;218.529;30.85894555677;FILL;BUY;9687a9f5-a63e-4c72-9059-6ad4bf3378c5;USD-ETH
296;53526565;2020-02-27T01:58:13.7;0.13070707;218.529;28.56328530003;FILL;BUY;f33eb6f7-e716-44a7-ae1f-d8b261611a92;USD-ETH
297;53526564;2020-02-27T01:58:13.7;0.17454545;218.529;38.14324264305;FILL;BUY;655ef675-a834-40f5-92b7-645ff3d415d7;USD-ETH
298;53526563;2020-02-27T01:58:13.7;0.19034432;218.529;41.59575390528;FILL;BUY;92f872b4-623e-4bbc-bb91-a1e9cd4e119d;USD-ETH
299;53526450;2020-02-27T01:56:31.25;1.57;218.529;343.09053;FILL;SELL;0fea529a-8bbf-4e87-acee-db1230bb0041;USD-ETH
