;Id;TimeStamp;Quantity;Price;Total;FillType;OrderType;Uuid;usd
0;53512354;2020-02-26T23:44:19.74;0.0;8803.336;0.0;FILL;BUY;be83a0f5-b6dd-4e5d-a424-b120e80019e4;USD-BTC
1;53512353;2020-02-26T23:44:19.74;0.38963902;8803.336;3430.12321177072;FILL;BUY;981d6845-7fb4-48c1-a5fe-225034eea5a2;USD-BTC
2;53512352;2020-02-26T23:44:19.42;0.05;8798.024;439.9012;FILL;BUY;12dd0184-c279-4617-a89e-927a4b40fcb5;USD-BTC
3;53512351;2020-02-26T23:44:19.21;0.01;8798.014;87.98014;FILL;BUY;56bfec51-d989-48c7-aa09-235430c68d4c;USD-BTC
4;53512349;2020-02-26T23:44:18.56;0.35;8798.014;3079.3049;FILL;BUY;9f161c9b-5636-4054-a2a4-143511d37b28;USD-BTC
5;53512330;2020-02-26T23:44:03.57;0.00386405;8798.115;33.99635626575;FILL;BUY;c5393a7c-1f6b-4485-a726-0ea6bac382ca;USD-BTC
6;53512318;2020-02-26T23:43:51.77;0.04710096;8798.117;414.39975689232;FILL;BUY;827d5e52-d0e9-4a5b-9fd1-63e46ec0b57e;USD-BTC
7;53512264;2020-02-26T23:42:47.68;0.0523344;8800.229;460.5547045776;FILL;BUY;929641c1-d25b-4b83-afca-76f236db99b6;USD-BTC
8;53512233;2020-02-26T23:42:25.99;0.41691945;8809.173;3672.71556211485;FILL;BUY;29d4e2dc-8c02-43e8-a601-bcd483260ed0;USD-BTC
9;53512232;2020-02-26T23:42:25.99;0.05;8808.338;440.4169;FILL;BUY;bfa94f0a-2239-4184-9f75-a1a6de20119c;USD-BTC
10;53512231;2020-02-26T23:42:25.99;0.44349487;8808.328;3906.44828127736;FILL;BUY;b3e7f082-93ce-44fa-b277-341d3d6e2ef1;USD-BTC
11;53512191;2020-02-26T23:41:41.98;0.00575678;8809.176;50.71248821328;FILL;BUY;310c4afe-98ba-40a7-9b8c-e42cbe50e84e;USD-BTC
12;53512179;2020-02-26T23:41:27.32;0.00036478;8815.896;3.21586254288;FILL;SELL;238b439e-bf49-424e-8df2-7cb5c77ada66;USD-BTC
13;53512147;2020-02-26T23:40:49.62;0.0;8817.294;0.0;FILL;BUY;192905b4-effd-40d4-880c-15660cba3d6a;USD-BTC
14;53512146;2020-02-26T23:40:49.62;0.00109708;8817.294;9.67327690152;FILL;BUY;5f2a1768-5f73-4c61-9769-ffd2e5d12d80;USD-BTC
15;53512144;2020-02-26T23:40:49.06;0.001;8817.297;8.817297;FILL;BUY;ec6129ff-1562-4506-b748-cabbb9d65903;USD-BTC
16;53512136;2020-02-26T23:40:30.79;0.00219945;8816.712;19.3919172084;FILL;BUY;0a3fe1a5-9eb9-4029-a864-a2897abf449b;USD-BTC
17;53512107;2020-02-26T23:39:46.1;0.00418944;8817.298;36.93954093312;FILL;BUY;a3c1c602-40ab-40c2-b7af-031b337b777f;USD-BTC
18;53512041;2020-02-26T23:38:35.59;0.0008;8820.324;7.0562592;FILL;BUY;84776e1d-39ca-4b5c-a087-39a98a1aeada;USD-BTC
19;53512040;2020-02-26T23:38:35.21;0.04811673;8820.324;424.40514842052;FILL;BUY;e8d0238d-7c59-4481-8f54-fcb3d24ac284;USD-BTC
20;53512038;2020-02-26T23:38:25.85;0.00113;8817.482;9.96375466;FILL;SELL;83ade925-793b-4676-bad8-b5ae1c310c8c;USD-BTC
21;53512016;2020-02-26T23:38:08.9;0.05;8817.353;440.86765;FILL;SELL;d81380cc-595d-491d-b2c2-5f6b75b4629e;USD-BTC
22;53512013;2020-02-26T23:38:06.54;0.00453345;8815.301;39.96372631845;FILL;SELL;849adfac-dd9b-46ab-b967-67486786c6ea;USD-BTC
23;53512006;2020-02-26T23:37:52.21;0.05648486;8813.248;497.81507942528;FILL;BUY;9297f290-0330-4578-92dd-02f7ae4a96f0;USD-BTC
24;53511994;2020-02-26T23:37:40.9;0.00209203;8813.248;18.43757921344;FILL;BUY;85d2cb1e-0b5b-497c-a085-3909b8579a19;USD-BTC
25;53511974;2020-02-26T23:37:12.51;0.0200355;8811.321;176.5392218955;FILL;SELL;0df01cbe-da08-47bd-b564-61f9ac99b5a3;USD-BTC
26;53511946;2020-02-26T23:36:48.29;0.00313804;8811.376;27.65045034304;FILL;BUY;eb506fb0-779f-4b21-9c4c-6327e047d4d3;USD-BTC
27;53511848;2020-02-26T23:35:25.6;0.05;8820.695;441.03475;FILL;BUY;3a4411cd-e000-43f7-89e3-8bf47072101b;USD-BTC
28;53511831;2020-02-26T23:35:10.57;0.0012455;8823.071;10.9891349305;FILL;BUY;4be4c390-ca15-42af-b974-9f4fb03dad01;USD-BTC
29;53511829;2020-02-26T23:35:09.7;0.00142343;8823.071;12.55902395353;FILL;BUY;b7f457a5-65ab-42b5-bda0-79d0f11dc00a;USD-BTC
30;53511824;2020-02-26T23:35:08.84;0.00025879;8823.302;2.28338232458;FILL;SELL;ced87a76-993c-4d89-9277-619c92d7e23f;USD-BTC
31;53511823;2020-02-26T23:35:08.84;0.00028455;8823.302;2.5106705841;FILL;SELL;a0756e25-1a15-4819-a376-0b575d27e1ab;USD-BTC
32;53511822;2020-02-26T23:35:08.84;0.00136797;8823.302;12.07001243694;FILL;SELL;aaaada0d-b2cf-4fb8-b5b0-0e4e1745034e;USD-BTC
33;53511820;2020-02-26T23:35:04.82;0.00029572;8824.606;2.60961248632;FILL;SELL;c730cc4a-bcf4-49e7-b49a-b506fc78e5ca;USD-BTC
34;53511819;2020-02-26T23:35:04.82;0.00032514;8824.606;2.86923239484;FILL;SELL;de0a8ed9-a53f-43aa-9d91-9ff53a684514;USD-BTC
35;53511815;2020-02-26T23:35:02.6;0.05;8824.31;441.2155;FILL;BUY;70b6ca82-e846-4f4d-aecf-4ec347cbd934;USD-BTC
36;53511814;2020-02-26T23:35:02.6;0.2;8824.3;1764.86;FILL;BUY;7d363ce0-1b71-4df1-a1cf-56bc81315a5f;USD-BTC
37;53511806;2020-02-26T23:34:59.09;0.05;8819.456;440.9728;FILL;BUY;9ed77b14-30fd-4ed2-a55d-09fa5b13cf0c;USD-BTC
38;53511798;2020-02-26T23:34:49.9;0.05;8812.817;440.64085;FILL;SELL;116e1f12-4ef3-4641-b253-5f16e56c1a95;USD-BTC
39;53511734;2020-02-26T23:33:40.49;0.00028574;8821.769;2.52073227406;FILL;SELL;c8499c57-3663-482a-b0ff-20fa8bef0140;USD-BTC
40;53511722;2020-02-26T23:33:22.37;0.00033325;8824.666;2.9408199445;FILL;BUY;2b2be560-ab8b-45a5-94e1-17721d7a5cc7;USD-BTC
41;53511713;2020-02-26T23:33:10.76;0.90885952;8824.667;8020.38261377984;FILL;BUY;468b2771-2e5e-48df-a201-fc01b3537f6c;USD-BTC
42;53511706;2020-02-26T23:33:00.84;0.00032647;8824.246;2.88085159162;FILL;SELL;1a5a5346-7a94-4ae1-af4d-ac14daebc153;USD-BTC
43;53511680;2020-02-26T23:32:43.62;0.00037304;8825.812;3.29238090848;FILL;SELL;1ebd6df7-504f-4d65-9313-257d4161dbd3;USD-BTC
44;53511667;2020-02-26T23:32:31.49;0.12559104;8830.056;1108.97591629824;FILL;BUY;be4c75e1-0681-47b0-bf79-2f0752bd5ed7;USD-BTC
45;53511647;2020-02-26T23:32:01.48;0.09097457;8827.81;803.1062187917;FILL;BUY;390ca7df-03da-4af4-af43-7e3c58a0a1ef;USD-BTC
46;53511624;2020-02-26T23:31:38.59;0.00038198;8827.22;3.3718214956;FILL;SELL;b6f795db-eefd-4e2f-96b9-8cb965853d6f;USD-BTC
47;53511623;2020-02-26T23:31:38.59;0.00052213;8827.22;4.6089563786;FILL;SELL;e134d6d6-23a7-44f4-a93e-8a31045e4702;USD-BTC
48;53511598;2020-02-26T23:31:03.04;0.2022;8829.524;1785.3297528;FILL;BUY;4f25a16f-32f2-4237-8e9f-fe85f589cf56;USD-BTC
49;53511551;2020-02-26T23:30:16.88;0.00261696;8819.721;23.08085706816;FILL;BUY;b04fa761-41ad-4399-bc25-09205d29bf07;USD-BTC
50;53511541;2020-02-26T23:30:04.49;0.02302924;8819.722;203.11149467128;FILL;BUY;841ea875-40d2-48bc-8f5d-956dce8e1d67;USD-BTC
51;53511512;2020-02-26T23:29:33.4;0.0125614;8819.979;110.7912842106;FILL;BUY;9ab75db1-d412-4446-8f7f-a15b38efaf6c;USD-BTC
52;53511482;2020-02-26T23:29:03.59;0.01046784;8809.945;92.2210946688;FILL;BUY;2d236375-4335-457f-af81-e8fa561e5f94;USD-BTC
53;53511479;2020-02-26T23:28:56.23;0.00039458;8812.492;3.47723309336;FILL;SELL;c369252b-45d5-424e-a67d-f3c946e5b98a;USD-BTC
54;53511478;2020-02-26T23:28:56.02;0.00209356;8815.386;18.45553951416;FILL;BUY;2785a965-ec4d-4bb3-95f3-6ddeb3eec657;USD-BTC
55;53511427;2020-02-26T23:27:34.84;0.01258099;8816.104;110.91531626296;FILL;BUY;86cf03a5-df08-4bda-a5c0-75f8a1da7561;USD-BTC
56;53511402;2020-02-26T23:26:58.02;0.0005862;8815.279;5.1675165498;FILL;BUY;0d8a29de-2a7d-42ce-95ab-5350b2304547;USD-BTC
57;53511394;2020-02-26T23:26:41.85;0.00055049;8812.954;4.85144304746;FILL;BUY;4aeee178-ab35-4374-8016-169ce3cb00c6;USD-BTC
58;53511288;2020-02-26T23:24:31.02;0.06505536;8796.55;572.262727008;FILL;BUY;85b1bf94-3db9-441b-abea-b34b36389cd9;USD-BTC
59;53511265;2020-02-26T23:23:39.26;0.00084189;8797.537;7.40655842493;FILL;BUY;327ef27c-00c6-45bd-a1b0-62064d88f21b;USD-BTC
60;53511246;2020-02-26T23:23:00.24;0.0008;8794.911;7.0359288;FILL;BUY;5c1ff7a5-e6ba-49bb-bde1-978647545e9a;USD-BTC
61;53511245;2020-02-26T23:22:59.9;0.12322194;8794.911;1083.72599554734;FILL;BUY;48721097-af04-4d33-ac6f-e86f965db354;USD-BTC
62;53511244;2020-02-26T23:22:59.9;0.0760683;8794.91;669.013852353;FILL;BUY;560a1de7-803a-4946-985d-5a35998103e7;USD-BTC
63;53511225;2020-02-26T23:22:41.4;0.00041255;8794.004;3.6279663502;FILL;BUY;f8fa717f-3046-4c91-a36a-c9f51558bc03;USD-BTC
64;53511185;2020-02-26T23:22:03.82;0.01048896;8794.005;92.2399666848;FILL;BUY;224055f8-8088-4896-8ae4-f973a51325a2;USD-BTC
65;53511183;2020-02-26T23:21:58.21;0.14875628;8793.378;1308.07019991384;FILL;BUY;ad10fbf6-86a2-44b5-9775-0360e8a4b0cb;USD-BTC
66;53511182;2020-02-26T23:21:58.21;0.0759129;8793.377;667.5307488633;FILL;BUY;fc0ff3ed-dc48-42a3-bccb-27829414e30f;USD-BTC
67;53511043;2020-02-26T23:20:12.65;0.0004435;8798.235;3.9020172225;FILL;SELL;44f0c0e6-1f68-4d13-8d9e-4a8b1880d6ac;USD-BTC
68;53510969;2020-02-26T23:18:50.52;0.07701757;8798.366;677.62876929062;FILL;SELL;e2805e25-ced8-4007-ab95-e15e3e296906;USD-BTC
69;53510963;2020-02-26T23:18:41.6;0.05;8798.491;439.92455;FILL;BUY;dac2224f-eb47-4d27-8c6c-7b458669723d;USD-BTC
70;53510962;2020-02-26T23:18:41.6;0.22670697;8798.481;1994.67696811257;FILL;BUY;6bf07b5f-52e7-4cf1-b262-36a8b5a58b0e;USD-BTC
71;53510957;2020-02-26T23:18:40.65;0.00041479;8798.481;3.64952193399;FILL;BUY;5c5dbd1f-808d-4d66-9780-5872512dbd13;USD-BTC
72;53510956;2020-02-26T23:18:40.55;0.9;8798.481;7918.6329;FILL;BUY;ddad6e5e-0957-492a-bf41-60aa53d01b44;USD-BTC
73;53510947;2020-02-26T23:18:33.69;0.00325366;8798.481;28.62726569046;FILL;BUY;1a849e01-2800-47a3-8ede-2cca6c1b1ac2;USD-BTC
74;53510937;2020-02-26T23:18:27.08;0.00167976;8798.481;14.77933644456;FILL;BUY;dd83bae8-a1e0-4fe5-8ea3-0d758a60a95b;USD-BTC
75;53510923;2020-02-26T23:18:13.69;0.00116;8793.766;10.20076856;FILL;SELL;d73ebdc3-71a8-47ce-bb33-0293464eeac6;USD-BTC
76;53510914;2020-02-26T23:17:57.62;0.0;8794.944;0.0;FILL;BUY;53cc8f5f-53c5-4f10-8274-0b59c78d21e0;USD-BTC
77;53510913;2020-02-26T23:17:57.62;0.71601535;8794.944;6297.3149063904;FILL;BUY;da95ff20-452d-47de-896d-ea16d62fc73f;USD-BTC
78;53510912;2020-02-26T23:17:57.62;0.05;8793.729;439.68645;FILL;BUY;c2f6d3d3-d7a3-4638-b471-de2757ab46aa;USD-BTC
79;53510911;2020-02-26T23:17:57.62;0.36822442;8793.716;3238.06097374472;FILL;BUY;09bf87ce-850c-4b85-a624-77b9a075d793;USD-BTC
80;53510905;2020-02-26T23:17:53.29;0.00262464;8793.716;23.08033876224;FILL;BUY;4b59d9c5-18ad-403f-a9a8-ac9960019f5a;USD-BTC
81;53510870;2020-02-26T23:17:27.6;0.1133948;8793.719;997.1620072612;FILL;BUY;4c7b8dfe-c4c5-4db7-a990-c36550e904a7;USD-BTC
82;53510868;2020-02-26T23:17:24.37;0.00032731;8793.725;2.87827412975;FILL;SELL;9f73ea4c-70c9-4502-af9d-0cc0f7ee5e9c;USD-BTC
83;53510862;2020-02-26T23:17:14.02;0.0022566;8793.724;19.8439175784;FILL;SELL;dd3b352c-0288-41bc-a413-5398500c9d0f;USD-BTC
84;53510824;2020-02-26T23:16:27.38;0.04768051;8789.937;419.10867902787;FILL;BUY;8bd5bb64-440e-4eeb-a367-7e4f6c1ac149;USD-BTC
85;53510823;2020-02-26T23:16:27.38;0.05;8789.308;439.4654;FILL;BUY;e76d765f-f7ee-4281-b7d9-7331b2663505;USD-BTC
86;53510822;2020-02-26T23:16:27.38;0.0102508;8789.298;90.0973359384;FILL;BUY;c655c854-9d00-476f-b7e1-8a1f7d9c40f2;USD-BTC
87;53510805;2020-02-26T23:16:04.11;0.00113253;8789.934;9.95486395302;FILL;BUY;eb07db29-2865-429c-9eee-d2e4ef3994e1;USD-BTC
88;53510778;2020-02-26T23:15:29.51;0.00629222;8791.072;55.31535905984;FILL;BUY;21ef0348-ec56-4e0a-a719-92057f64cc16;USD-BTC
89;53510740;2020-02-26T23:14:40.46;0.76879618;8795.149;6761.67695373082;FILL;BUY;9033d67f-20ff-47fa-8dfe-f5b7cdebe4d0;USD-BTC
90;53510739;2020-02-26T23:14:40.46;0.03906011;8793.991;343.49425579901;FILL;BUY;c90a1ad6-67cf-4bd8-86f5-9e72e7b41c0c;USD-BTC
91;53510738;2020-02-26T23:14:40.46;0.09834694;8793.989;864.86190854366;FILL;BUY;44ab56f9-74f7-4cd8-9b6a-e4aa380bac54;USD-BTC
92;53510737;2020-02-26T23:14:40.46;0.00572756;8793.988;50.36809390928;FILL;BUY;8dd37797-0245-4b95-bb67-0419c4f368f8;USD-BTC
93;53510730;2020-02-26T23:14:28.82;0.00033722;8794.527;2.96569039494;FILL;SELL;2dd638c2-6261-4100-bf43-74fe0f64bfeb;USD-BTC
94;53510715;2020-02-26T23:14:18.6;0.00038516;8799.379;3.38916881564;FILL;SELL;de6cbd61-f522-4b78-9bd5-7ec6ea043376;USD-BTC
95;53510710;2020-02-26T23:14:09.41;0.05;8797.579;439.87895;FILL;BUY;8274e980-969e-419a-84fc-a9063eafc486;USD-BTC
96;53510709;2020-02-26T23:14:09.41;0.076146;8797.57;669.89976522;FILL;BUY;ae553b2e-a864-4717-b1ce-d79d20aae03b;USD-BTC
97;53510686;2020-02-26T23:13:39.69;0.31685468;8797.0;2787.37061996;FILL;SELL;2abaf332-f256-45fb-9a59-19e1e607b4b7;USD-BTC
98;53510685;2020-02-26T23:13:39.69;0.0775446;8797.001;682.1599237446;FILL;SELL;3995374c-d883-4da5-a2b1-ec58c5b28e75;USD-BTC
99;53510674;2020-02-26T23:13:21.19;0.0008;8796.314;7.0370512;FILL;BUY;e46c54db-41eb-46f5-bffd-a306935a0134;USD-BTC
100;53512099;2020-02-26T23:39:39.81;132.00624263;61.302;8092.24668570426;FILL;SELL;4ec59d18-eb10-4ba1-93a4-efe942f93415;USD-LTC
101;53512087;2020-02-26T23:39:23.81;30.77755665;61.302;1886.7257777583;FILL;SELL;58ba475a-a0d6-4b38-ad25-730bfa0cd4ae;USD-LTC
102;53512008;2020-02-26T23:37:53.07;0.09563548;61.302;5.86264619496;FILL;SELL;121eeca2-2ee6-4a92-8d83-a7f537ac23b5;USD-LTC
103;53511917;2020-02-26T23:36:24.88;11.0;61.242;673.662;FILL;SELL;dc9e34d7-1828-43d6-b6e3-0c184f421381;USD-LTC
104;53511355;2020-02-26T23:26:10.62;0.0865;61.061;5.2817765;FILL;BUY;54aae8f6-13ed-4c6d-b91e-91921e279352;USD-LTC
105;53509956;2020-02-26T23:00:48.63;0.09232455;60.966;5.6286585153;FILL;SELL;a4736bd3-a5d9-4442-bf6d-118b18009553;USD-LTC
106;53508798;2020-02-26T22:40:40.55;0.08134047;61.124;4.97185488828;FILL;BUY;322c2827-fd83-49d2-9c47-13d1c2ec7744;USD-LTC
107;53508492;2020-02-26T22:36:06.14;0.03832292;60.978;2.33685501576;FILL;BUY;b98fe5a1-00a9-4d1b-a67a-e8a9a60ca99e;USD-LTC
108;53507418;2020-02-26T22:17:07;0.0868;60.649;5.2643332;FILL;BUY;cc697113-5b7d-435a-9cfe-b31d7c06c1f6;USD-LTC
109;53506723;2020-02-26T22:06:33.26;14.17999108;60.763;861.61879799404;FILL;BUY;f65914d3-f292-435e-a4be-6a97da7142f0;USD-LTC
110;53506545;2020-02-26T22:05:03.54;0.0305361;60.267;1.8403191387;FILL;BUY;3b006578-0dd2-4906-8029-832448628a26;USD-LTC
111;53506522;2020-02-26T22:04:57.18;0.14104138;60.258;8.49887147604;FILL;BUY;782c1ac0-05d1-4add-be41-1aacea103dcb;USD-LTC
112;53506474;2020-02-26T22:04:37.9;0.14103904;60.266;8.49985878464;FILL;BUY;b8bfd0ae-e165-4cba-8c9c-6177e5803875;USD-LTC
113;53506431;2020-02-26T22:04:09.78;0.1414639;60.267;8.5256048613;FILL;BUY;9cac6101-c065-4a46-81b7-19b5617d05ad;USD-LTC
114;53506419;2020-02-26T22:04:02.54;1.66514028;60.086;100.05161886408;FILL;SELL;a7b35f17-231a-47b5-9d02-5f069de7dd66;USD-LTC
115;53506372;2020-02-26T22:03:35.99;0.08134047;60.154;4.89295463238;FILL;SELL;70a9b4ad-576a-43fa-ab6b-4a272b99de56;USD-LTC
116;53506371;2020-02-26T22:03:35.99;0.03832292;60.154;2.30527692968;FILL;SELL;8d4203e7-bef5-4be3-b581-72e597d15f93;USD-LTC
117;53506227;2020-02-26T22:02:22.07;0.09563548;60.295;5.7663412666;FILL;SELL;e06b7f14-bd64-4752-9914-be740c600826;USD-LTC
118;53505977;2020-02-26T21:59:28.64;3.02434783;60.777;183.81078806391;FILL;SELL;99e73874-c56b-4ed8-8b82-a731027b2f5f;USD-LTC
119;53505926;2020-02-26T21:58:52.84;1.97565217;60.777;120.07421193609;FILL;SELL;7ac06696-4ded-426f-af34-410d672593ff;USD-LTC
120;53505687;2020-02-26T21:54:54.24;0.14076576;60.657;8.53842870432;FILL;BUY;0f5a4cc2-378f-450d-9cde-768c15ae99a7;USD-LTC
121;53505552;2020-02-26T21:53:25.54;4.2694206;60.384;257.8046935104;FILL;SELL;e222405c-ba01-468d-87a3-4acce65fc1f8;USD-LTC
122;53505551;2020-02-26T21:53:25.54;0.08584444;60.387;5.18388819828;FILL;SELL;e2838649-b7e7-42d5-b894-27aa524042ca;USD-LTC
123;53505550;2020-02-26T21:53:25.54;0.08098799;60.412;4.89264645188;FILL;SELL;4181fd83-1ab6-47eb-8a4a-174fd28ab7b9;USD-LTC
124;53505549;2020-02-26T21:53:25.54;11.0;60.435;664.785;FILL;SELL;fa453bad-19fd-443c-bc9a-5d1b4977e63b;USD-LTC
125;53505548;2020-02-26T21:53:25.54;16.662;60.435;1006.96797;FILL;SELL;95ac514b-8903-4ffc-8486-3b9d22610029;USD-LTC
126;53505547;2020-02-26T21:53:25.54;0.0807874;60.562;4.8926465188;FILL;SELL;7577f64d-fe15-4ed5-8baf-96d83855b15f;USD-LTC
127;53505399;2020-02-26T21:51:50.87;0.08540601;60.697;5.18388858897;FILL;SELL;735f10f3-e88e-4130-b8d7-52367ea2f977;USD-LTC
128;53505390;2020-02-26T21:51:40.13;0.0;60.707;0.0;FILL;BUY;31a135e1-205b-4bea-a18e-1011859eb99c;USD-LTC
129;53505389;2020-02-26T21:51:40.13;0.09883538;60.707;5.99999941366;FILL;BUY;215501c8-9209-408e-8d8a-28868513d8f8;USD-LTC
130;53505380;2020-02-26T21:51:32.93;0.11677377;60.708;7.08910202916;FILL;SELL;acc96fa8-c63f-4d72-a872-14ed3842f786;USD-LTC
131;53505258;2020-02-26T21:50:35.37;0.0944162;60.772;5.7378613064;FILL;SELL;4413bb5f-4732-4761-bdf7-b093072aabd5;USD-LTC
132;53505255;2020-02-26T21:50:33.68;0.09481775;60.815;5.76634146625;FILL;SELL;f6c59fd7-608a-41fb-999a-cdcd88fbcd26;USD-LTC
133;53504956;2020-02-26T21:47:51.85;0.08877569;60.972;5.41283137068;FILL;SELL;878c3fcd-28e3-4e59-af4d-f99884e4d149;USD-LTC
134;53504955;2020-02-26T21:47:51.85;0.105242;60.972;6.416815224;FILL;SELL;2f9b7219-a1a0-4313-bd5a-5c918c27c4bd;USD-LTC
135;53504954;2020-02-26T21:47:51.85;0.03832292;60.978;2.33685501576;FILL;SELL;0315afe7-26e4-431e-bd54-f0b3037301d0;USD-LTC
136;53504912;2020-02-26T21:47:31.16;0.099453;61.005;6.067130265;FILL;SELL;a3fcffef-eab7-4e46-9183-977c7c57cccf;USD-LTC
137;53504911;2020-02-26T21:47:31.16;6.0;61.01;366.06;FILL;SELL;0dbab84b-c0bb-4a8f-9288-1e14de418e65;USD-LTC
138;53504892;2020-02-26T21:47:24.65;0.09960573;61.297;6.10553243181;FILL;SELL;f5489b01-0d61-439e-b268-7e278a392185;USD-LTC
139;53504632;2020-02-26T21:44:43.38;9.23029401;61.494;567.60769985094;FILL;BUY;0f82dce1-e2e1-4da4-b1de-d56f8fdde6e7;USD-LTC
140;53504087;2020-02-26T21:38:40.63;0.11736187;61.297;7.19393054539;FILL;SELL;ee24b141-0c53-4d40-b768-66a78409847f;USD-LTC
141;53503922;2020-02-26T21:36:18.26;4.44701214;61.573;273.81587849622;FILL;BUY;4c5c6658-9653-4c33-a34b-b1ae5b2f16ff;USD-LTC
142;53503844;2020-02-26T21:35:31.74;4.22;61.492;259.49624;FILL;SELL;7de441d4-d0ff-4add-b0e5-65f769982ad6;USD-LTC
143;53503842;2020-02-26T21:35:27.54;0.0852;61.504;5.2401408;FILL;SELL;f27a62c5-e505-4db3-b8d4-7021d5876592;USD-LTC
144;53503828;2020-02-26T21:35:18.99;0.09846839;61.615;6.06712984985;FILL;SELL;2aee1859-0cea-4877-af0f-e897fcf0507e;USD-LTC
145;53503708;2020-02-26T21:34:05.88;0.08703014;61.7;5.369759638;FILL;SELL;2f191b3b-bfe6-4308-a2a5-e8ff9b031f00;USD-LTC
146;53503686;2020-02-26T21:33:51.58;15.15476343;61.897;938.03439202671;FILL;BUY;0aac3ecc-9ab1-4ef6-bbb5-f950f95e8e98;USD-LTC
147;53503685;2020-02-26T21:33:51.58;1.0;61.896;61.896;FILL;BUY;0db95917-909e-4537-b99e-e2e54f0a4414;USD-LTC
148;53502918;2020-02-26T21:21:41.5;11.85;62.056;735.3636;FILL;BUY;b337e182-9445-4a6b-a3ae-d77139962aea;USD-LTC
149;53502917;2020-02-26T21:21:41.5;4.21;62.021;261.10841;FILL;BUY;a13cdbf1-2506-4d86-a8fa-943b6214fc3f;USD-LTC
150;53502699;2020-02-26T21:17:49.19;0.0;62.224;0.0;FILL;BUY;1aa1e5a3-67b9-4026-ab9f-5f78939bc178;USD-LTC
151;53502698;2020-02-26T21:17:49.19;0.55648995;62.224;34.6270306488;FILL;BUY;013f738e-2b31-4ed7-8428-fdaa83f971ef;USD-LTC
152;53501966;2020-02-26T21:03:24.52;0.0854;61.867;5.2834418;FILL;BUY;ae31f559-2322-4dca-a9fa-13c754d3c3ed;USD-LTC
153;53501750;2020-02-26T20:58:46.33;11.2986143;61.8;698.25436374;FILL;SELL;d560178c-5c09-4999-ba9f-ed6cbf873af1;USD-LTC
154;53501710;2020-02-26T20:57:50.84;3.879;61.801;239.726079;FILL;SELL;66ec3149-8cbd-4a1e-adb2-3d99f1a239b8;USD-LTC
155;53501709;2020-02-26T20:57:50.84;16.121;61.801;996.293921;FILL;SELL;612ca83a-22b2-4791-9301-5085092c42aa;USD-LTC
156;53501307;2020-02-26T20:50:25.06;0.03832292;61.813;2.36885465396;FILL;SELL;4fba50b7-7214-4501-94bd-1236766719a0;USD-LTC
157;53501208;2020-02-26T20:49:25.14;0.36598825;62.0;22.6912715;FILL;SELL;546543f6-f1b9-41d3-89c0-2a06d60e159f;USD-LTC
158;53501169;2020-02-26T20:49:17.77;0.085;62.032;5.27272;FILL;SELL;8e47e543-4558-4b14-b4ed-19dc52fe9877;USD-LTC
159;53500836;2020-02-26T20:45:17.22;35.299282;62.35;2200.9102327;FILL;BUY;69022f80-b1f8-4807-b057-07887e47cd5a;USD-LTC
160;53500477;2020-02-26T20:38:45.98;0.24029346;62.268;14.96259316728;FILL;SELL;4e698dcf-eb81-4d61-b4db-caa5110ceeeb;USD-LTC
161;53500364;2020-02-26T20:36:15.95;3.18641186;62.597;199.45982320042;FILL;BUY;04a0ea12-831a-4d12-80ae-8c69b4e31b82;USD-LTC
162;53500343;2020-02-26T20:36:00.12;3.0;62.27;186.81;FILL;SELL;84cbde17-fc87-4606-8cf5-a2ce099cfb73;USD-LTC
163;53499919;2020-02-26T20:31:20.87;0.86437874;62.659;54.16110746966;FILL;SELL;6038db56-389f-4d08-b2c6-595cfa673ce5;USD-LTC
164;53499877;2020-02-26T20:30:51.15;0.09729834;62.659;6.09661668606;FILL;SELL;e426acf5-2225-451e-b46f-18f526a94150;USD-LTC
165;53499874;2020-02-26T20:30:47.28;0.03832292;62.659;2.40127584428;FILL;BUY;289bee86-89f8-4cd7-941c-98f310b94e5f;USD-LTC
166;53498592;2020-02-26T20:14:12.14;0.72262395;62.22;44.961662169;FILL;SELL;61938c06-57af-438f-8c9d-52eb5fcf5b26;USD-LTC
167;53498272;2020-02-26T20:09:06.59;7.804;61.991;483.777764;FILL;SELL;e5eabb79-95e7-4482-84ab-a714811f37b3;USD-LTC
168;53498132;2020-02-26T20:07:02.51;0.27737605;62.4;17.30826552;FILL;SELL;efbd338c-c2f0-4cde-aed3-bacf3da60d83;USD-LTC
169;53498110;2020-02-26T20:06:35.07;2.546;62.4;158.8704;FILL;SELL;965b6b87-b8e8-4675-bede-3f161f3da85a;USD-LTC
170;53498105;2020-02-26T20:06:33.57;8.05516889;62.4;502.642538736;FILL;SELL;8bb22000-2098-47eb-b339-67d05b057e8c;USD-LTC
171;53498095;2020-02-26T20:06:25.07;3.6900456;62.4;230.25884544;FILL;SELL;a478e178-dd8f-4b7e-915e-a859af84445a;USD-LTC
172;53497764;2020-02-26T20:00:29.57;0.26952432;62.5;16.84527;FILL;SELL;6d176fa0-b88c-4362-ab45-fd7b28be7b95;USD-LTC
173;53497757;2020-02-26T20:00:24.35;128.44933219;62.55;8034.5057284845;FILL;SELL;2f68a7b9-4aa6-47f0-b745-6df093d19292;USD-LTC
174;53497753;2020-02-26T20:00:24.04;0.47060617;62.55;29.4364159335;FILL;SELL;1ff9a10c-5105-470f-b03d-e91dbbd1e3ef;USD-LTC
175;53497722;2020-02-26T20:00:07.38;0.57171657;62.5;35.732285625;FILL;SELL;52da8904-5b73-461e-9550-fa39938f0d09;USD-LTC
176;53497650;2020-02-26T19:58:48.76;0.163;62.456;10.180328;FILL;BUY;c4fbc4d1-c280-465c-a35f-aedab91d2d0f;USD-LTC
177;53497556;2020-02-26T19:56:50.01;4.08012845;62.4;254.60001528;FILL;BUY;27edb482-c3a9-4045-8cd6-a706d3da13f4;USD-LTC
178;53497548;2020-02-26T19:56:35.46;0.66966723;62.222;41.66803438506;FILL;SELL;51098c53-52e0-40e5-bf96-0769c760d94d;USD-LTC
179;53497446;2020-02-26T19:54:30.71;0.9879;62.14;61.388106;FILL;SELL;85e29817-9eea-4650-8073-d9e94132c27f;USD-LTC
180;53496696;2020-02-26T19:43:45.77;8.26e-06;62.2;0.000513772;FILL;BUY;2513eb74-5647-42ca-ad1f-f0d46dd3c543;USD-LTC
181;53496617;2020-02-26T19:42:21.93;8.2653032;62.2;514.10185904;FILL;BUY;87844471-66d6-4d99-a645-143a8a516f15;USD-LTC
182;53496614;2020-02-26T19:42:20.33;1.144363;62.2;71.1793786;FILL;BUY;ebebff6b-a617-4f34-8540-03b57484df4c;USD-LTC
183;53496608;2020-02-26T19:42:11.8;2.495804;62.2;155.2390088;FILL;BUY;25f0bdbd-f54e-4763-b236-8bd3bdd69032;USD-LTC
184;53496588;2020-02-26T19:41:39.88;6.0233547;62.2;374.65266234;FILL;BUY;58937569-9264-4b6c-ad31-d9d4e1148717;USD-LTC
185;53496476;2020-02-26T19:40:02.74;0.26395217;62.157;16.40647503069;FILL;BUY;847549e5-b5ed-4913-aebb-ddfd896645e0;USD-LTC
186;53496079;2020-02-26T19:33:54.11;2.20963442;62.157;137.34424664394;FILL;SELL;bd076e02-07c8-47e9-85b4-c794e77932df;USD-LTC
187;53495911;2020-02-26T19:32:41.69;0.0;62.261;0.0;FILL;BUY;f8a7d902-398d-4382-8f60-53158047547b;USD-LTC
188;53495910;2020-02-26T19:32:41.69;2.00267068;62.261;124.68827920748;FILL;BUY;bd43f188-7b1e-411c-9fc8-47ac82de8369;USD-LTC
189;53495858;2020-02-26T19:32:17.42;1.0;62.157;62.157;FILL;BUY;73d8585e-be81-4d92-ab4b-cb5b64931e0a;USD-LTC
190;53495262;2020-02-26T19:24:16.35;8.69938473;61.481;534.84687258513;FILL;SELL;984f475a-6fcd-4da0-955b-a51040828213;USD-LTC
191;53495261;2020-02-26T19:24:16.35;6.2283003;61.481;382.9221307443;FILL;SELL;c2efc5d4-481a-47e1-b552-4a036fcc752b;USD-LTC
192;53495247;2020-02-26T19:24:06.42;0.0857;61.63;5.281691;FILL;SELL;4dd2e4e5-7e2d-439b-b6c2-ff0451cba3f9;USD-LTC
193;53495244;2020-02-26T19:24:04.32;0.0857;61.623;5.2810911;FILL;BUY;cf176898-a6f2-4107-abc5-a5da51016a63;USD-LTC
194;53494540;2020-02-26T19:15:03.27;0.0852;61.45;5.23554;FILL;SELL;858f72bd-879f-4284-a473-c99d54e9eb93;USD-LTC
195;53494326;2020-02-26T19:12:53.47;11.0;61.475;676.225;FILL;SELL;116ebc40-d4b9-4de3-80b5-7e9b9f1aaa9a;USD-LTC
196;53494099;2020-02-26T19:11:30.37;5.66256927;61.636;349.01811952572;FILL;SELL;c5f3e34f-11dc-46f1-a6eb-6b371e3f7724;USD-LTC
197;53494002;2020-02-26T19:10:40.42;1.0;62.211;62.211;FILL;BUY;acd4ea13-9fbe-4a55-8bf1-7f8f3c8c7092;USD-LTC
198;53493939;2020-02-26T19:10:05.41;0.08440476;62.238;5.25318345288;FILL;BUY;cf9462c2-1844-4e5d-aa2e-e5c00696cd78;USD-LTC
199;53492605;2020-02-26T19:00:16.03;9.7568717;62.308;607.9311618836;FILL;BUY;76f1d29c-14b9-44c2-a89b-ca69c5f6707f;USD-LTC
200;53512237;2020-02-26T23:42:31.54;4.39430059;227.0;997.50623393;FILL;SELL;77383142-d9c3-4408-815e-91ce11180bd0;USD-ETH
201;53511982;2020-02-26T23:37:26.87;3.77523474;227.298;858.10330593252;FILL;BUY;18f3d013-8cac-499b-af65-763002bc76dd;USD-ETH
202;53511916;2020-02-26T23:36:24.6;0.399;227.271;90.681129;FILL;SELL;7bcc0469-94f4-4eaa-89d6-3ffee9a79cc7;USD-ETH
203;53511818;2020-02-26T23:35:02.63;1.468;227.477;333.936236;FILL;BUY;a3e11f70-5e83-4d66-bd19-d69a1a3c8b69;USD-ETH
204;53511817;2020-02-26T23:35:02.63;0.10363637;227.296;23.55613235552;FILL;BUY;ab8a2407-1fe8-41f4-8e30-b5aa39155b17;USD-ETH
205;53511816;2020-02-26T23:35:02.63;0.09757575;227.296;22.178577672;FILL;BUY;3b6a920d-7754-4cb9-b7dc-2ad1808cbe6d;USD-ETH
206;53511739;2020-02-26T23:33:42.59;0.398;227.743;90.641714;FILL;SELL;fd79c9d2-9ed1-40af-b99d-bd56a9bbb82d;USD-ETH
207;53511690;2020-02-26T23:32:46.85;3.476265;227.975;792.501513375;FILL;SELL;255b1af1-f9ca-4b39-aef0-c2915f5953b2;USD-ETH
208;53511417;2020-02-26T23:27:24.01;0.03195349;227.374;7.26539283526;FILL;BUY;62801dee-0317-4f78-bf1e-bdeb1b220c32;USD-ETH
209;53511416;2020-02-26T23:27:24.01;0.185;227.374;42.06419;FILL;BUY;dfca6f7e-ed99-4451-8059-a4fce57032ad;USD-ETH
210;53511401;2020-02-26T23:26:55.82;3.34;227.285;759.1319;FILL;BUY;c90d8ee1-b13b-4e39-b1ad-4ba93b46291e;USD-ETH
211;53511400;2020-02-26T23:26:55.82;0.186;227.222;42.263292;FILL;BUY;185544cf-7f8d-4ba7-a56b-75dee1bb42ea;USD-ETH
212;53511399;2020-02-26T23:26:52.27;2.55917712;227.191;581.42200906992;FILL;BUY;9a054b10-8e69-420b-b5d3-4e497711934a;USD-ETH
213;53511386;2020-02-26T23:26:29.38;3.34;226.94;757.9796;FILL;BUY;4198f8e5-e8b0-4e44-a19d-12f9408c7dc0;USD-ETH
214;53511371;2020-02-26T23:26:21.49;3.34;226.927;757.93618;FILL;SELL;ea5eab3f-97f0-4096-a92b-eec82250ff99;USD-ETH
215;53511367;2020-02-26T23:26:17.77;0.197;227.0;44.719;FILL;BUY;736f4373-6eac-48b6-9f04-e104a64ccaee;USD-ETH
216;53511366;2020-02-26T23:26:17.77;0.15617712;227.0;35.45220624;FILL;BUY;0eaa54e5-d033-4ae3-bbe9-d076da7f72aa;USD-ETH
217;53511365;2020-02-26T23:26:17.77;3.34;226.862;757.71908;FILL;BUY;37f90364-a900-4f42-9fda-4f4f7a4154ff;USD-ETH
218;53511361;2020-02-26T23:26:14.91;0.197;226.76;44.67172;FILL;BUY;c293d4e8-48a2-44ea-af89-1e847f0160f6;USD-ETH
219;53511354;2020-02-26T23:26:09.85;3.34;226.649;757.00766;FILL;BUY;90285574-d8ed-410f-8cb9-0836b1702245;USD-ETH
220;53511341;2020-02-26T23:25:53.96;3.34;226.632;756.95088;FILL;BUY;706bb5bc-8c67-4da6-8165-70fa0125e151;USD-ETH
221;53511340;2020-02-26T23:25:53.96;0.216;226.517;48.927672;FILL;BUY;77757280-cd0a-460c-8dfe-555798b54ec3;USD-ETH
222;53511335;2020-02-26T23:25:42.93;3.34;226.478;756.43652;FILL;BUY;15df9f98-d20a-40f4-b55f-9e9dfda34fa0;USD-ETH
223;53511323;2020-02-26T23:25:17.55;3.34;226.42;756.2428;FILL;SELL;069b5d2b-2667-4585-9cec-58d81becf1df;USD-ETH
224;53511322;2020-02-26T23:25:16.37;3.34;226.406;756.19604;FILL;BUY;ad228da0-0a51-4ac3-9a9e-149fca5929f8;USD-ETH
225;53511321;2020-02-26T23:25:16.37;1.514;226.271;342.574294;FILL;BUY;dd3062ae-e806-4568-bbe6-41b845496cb0;USD-ETH
226;53511320;2020-02-26T23:25:16.37;0.216;226.266;48.873456;FILL;BUY;10e2a7e8-b0f4-49eb-afd3-203e0843b6cf;USD-ETH
227;53511277;2020-02-26T23:24:03.73;0.079;226.057;17.858503;FILL;SELL;44675516-c609-4efd-81ec-9caf8fae4e09;USD-ETH
228;53511276;2020-02-26T23:24:03.73;0.401;226.229;90.717829;FILL;SELL;02b89597-9daa-40f9-bf4e-b0948c74b3a8;USD-ETH
229;53511270;2020-02-26T23:23:46.85;0.218;226.413;49.358034;FILL;SELL;168006bd-bf3f-4386-996f-6cf7f5d83425;USD-ETH
230;53511268;2020-02-26T23:23:44.96;0.223;226.362;50.478726;FILL;BUY;49e220ac-8583-46d2-bcab-312641dc1501;USD-ETH
231;53511250;2020-02-26T23:23:05.93;0.23;226.231;52.03313;FILL;BUY;7da78f2e-d2bf-40ac-91dd-f0f5486bb5bf;USD-ETH
232;53511187;2020-02-26T23:22:05.35;0.23;226.06;51.9938;FILL;SELL;51ba0011-99b4-42bd-b14a-a6afffca46e9;USD-ETH
233;53511184;2020-02-26T23:22:03.69;0.23;226.053;51.99219;FILL;BUY;f0ca3b4b-504d-4961-9dc1-312a31ae1e5d;USD-ETH
234;53511020;2020-02-26T23:19:53.05;0.11378751;225.789;25.69196809539;FILL;SELL;e242c7a0-e456-48ff-ba6d-74d5580abc14;USD-ETH
235;53510978;2020-02-26T23:18:58.41;0.0;226.629;0.0;FILL;BUY;b8f1ffb8-a8e5-4b0b-871b-e33003213515;USD-ETH
236;53510977;2020-02-26T23:18:58.41;38.72952535;226.629;8777.23360054515;FILL;BUY;3ab85930-6398-4c1e-a9d9-1267b193699c;USD-ETH
237;53510976;2020-02-26T23:18:58.41;1.707;226.59;386.78913;FILL;BUY;5d4b4974-68d7-46ee-8166-cb9226530f09;USD-ETH
238;53510975;2020-02-26T23:18:58.41;3.34;226.171;755.41114;FILL;BUY;04e0c629-5648-499d-89c5-92dbdde9db90;USD-ETH
239;53510974;2020-02-26T23:18:58.41;0.246;226.132;55.628472;FILL;BUY;3047a860-d870-4285-9e73-717ea112afa9;USD-ETH
240;53510945;2020-02-26T23:18:33.16;0.246;226.04;55.60584;FILL;BUY;cbf37e1c-db4e-4090-92d5-f0ac6b50aef6;USD-ETH
241;53510900;2020-02-26T23:17:49.52;0.06967283;225.526;15.71303465858;FILL;SELL;4b4a2bb6-276a-4caa-8977-a8efee1783a6;USD-ETH
242;53510899;2020-02-26T23:17:49.52;0.03472068;225.872;7.84242943296;FILL;SELL;ed72b255-9b7f-4532-b7f9-ff576616d256;USD-ETH
243;53510735;2020-02-26T23:14:34.96;0.16305468;226.387;36.91345984116;FILL;SELL;4d131df9-d01c-4982-8718-490175b418f4;USD-ETH
244;53510607;2020-02-26T23:11:46.25;8.27770084;227.022;1879.22020009848;FILL;SELL;f904df35-c884-4778-9137-bf3ff9454c51;USD-ETH
245;53510605;2020-02-26T23:11:44.29;0.399;227.079;90.604521;FILL;SELL;2b492fb2-13e4-42bc-abda-a956df1778a3;USD-ETH
246;53510597;2020-02-26T23:11:32.96;0.399;227.315;90.698685;FILL;SELL;ccf23e2a-51ff-431c-828f-492881943888;USD-ETH
247;53510577;2020-02-26T23:11:13.47;0.21;227.52;47.7792;FILL;BUY;70a5608b-41a0-4b7f-96c3-aa805c5bc65b;USD-ETH
248;53510573;2020-02-26T23:11:09.6;0.216;227.524;49.145184;FILL;BUY;6d09f8de-70b4-43fd-98e0-8f3918cc2e02;USD-ETH
249;53510572;2020-02-26T23:11:09.6;0.21600003;227.52;49.1443268256;FILL;BUY;1e6792de-0ed9-4549-a920-bf1ab61fd14f;USD-ETH
250;53510498;2020-02-26T23:10:06.07;0.216;227.164;49.067424;FILL;BUY;31fb08dd-d82d-49b8-930d-a1182cd04d78;USD-ETH
251;53510495;2020-02-26T23:10:00.8;7.74559042;227.158;1759.47282862636;FILL;BUY;9cfcdb3b-c542-4520-a31e-b55251195681;USD-ETH
252;53510494;2020-02-26T23:10:00.8;1.27456954;227.157;289.52739299778;FILL;BUY;ff20e97b-ff24-46be-8696-369b974455e7;USD-ETH
253;53510187;2020-02-26T23:05:34.94;0.18343435;226.912;41.6234552272;FILL;BUY;8b27aa35-19dc-4954-8b0c-39ca042d310b;USD-ETH
254;53510186;2020-02-26T23:05:34.94;0.11959595;226.912;27.1377562064;FILL;BUY;2a4e160b-6324-4034-9910-0e5769e55c17;USD-ETH
255;53510185;2020-02-26T23:05:34.94;0.15030303;226.912;34.10556114336;FILL;BUY;f8716c5c-02dd-43b0-83c0-3b0b58e6c76d;USD-ETH
256;53510104;2020-02-26T23:04:24.57;0.219;226.402;49.582038;FILL;BUY;bcee73b1-58a6-4168-82ea-f4a6a13aad24;USD-ETH
257;53510103;2020-02-26T23:04:24.3;1.06327996;226.31;240.6308877476;FILL;SELL;d70bb8ce-8814-464d-8d4f-f85c5062053f;USD-ETH
258;53510102;2020-02-26T23:04:23.8;0.12606061;226.311;28.52890270971;FILL;BUY;4dec3c01-cc81-438e-96d4-b6b2b773e01c;USD-ETH
259;53510101;2020-02-26T23:04:23.8;0.33434343;226.311;75.66559598673;FILL;BUY;9e7be520-b582-4e6d-9db6-9ddb1e14a9cb;USD-ETH
260;53510100;2020-02-26T23:04:23.8;0.13494949;226.311;30.54055403139;FILL;BUY;8910488d-25eb-4735-937b-8edc70ec73ac;USD-ETH
261;53510043;2020-02-26T23:02:56.57;0.216;225.988;48.813408;FILL;BUY;3b3411cf-235c-4674-af22-c534afb1c25e;USD-ETH
262;53510042;2020-02-26T23:02:55.13;0.11;225.958;24.85538;FILL;BUY;f2407c77-2b2c-407c-b010-ad238b6d20d5;USD-ETH
263;53510040;2020-02-26T23:02:53.8;5.1859596;225.958;1171.8090592968;FILL;BUY;aafd2b31-2739-471a-b4cb-7494bb0a5442;USD-ETH
264;53510039;2020-02-26T23:02:53.8;0.10707071;225.958;24.19348349018;FILL;BUY;4468d9ac-6159-4435-ac20-13b3b51a9627;USD-ETH
265;53510038;2020-02-26T23:02:53.8;0.17696969;225.958;39.98771721302;FILL;BUY;aa794f5c-2111-42bf-a65c-cb16a57da2ee;USD-ETH
266;53509964;2020-02-26T23:00:57.88;0.403;225.617;90.923651;FILL;SELL;715bb279-be8c-4b46-95dc-fc0395fd59af;USD-ETH
267;53509930;2020-02-26T23:00:36.77;0.357;225.836;80.623452;FILL;BUY;afc43d0f-861e-462a-9222-818081a104fa;USD-ETH
268;53509929;2020-02-26T23:00:36.77;2.5;225.836;564.59;FILL;BUY;55d4132a-1952-4682-89df-1201b59cfe17;USD-ETH
269;53509928;2020-02-26T23:00:36.77;10.0;225.83;2258.3;FILL;BUY;201b4a6a-717f-4855-a2ba-c1dd56ea5d78;USD-ETH
270;53509927;2020-02-26T23:00:36.77;0.21515151;225.827;48.58702004877;FILL;BUY;99e7c2dd-e351-4ad5-93b3-441ac3a29d8e;USD-ETH
271;53509926;2020-02-26T23:00:36.77;0.24727273;225.827;55.84085879771;FILL;BUY;848e398c-412b-463a-884e-64e3707b3e8b;USD-ETH
272;53509846;2020-02-26T22:59:31;0.402;225.757;90.754314;FILL;SELL;e2cb429d-be3c-400a-a864-0740535a5241;USD-ETH
273;53509817;2020-02-26T22:58:57.63;0.0;226.401;0.0;FILL;BUY;84b6302f-8b89-4785-9594-dea6f08cd34a;USD-ETH
274;53509816;2020-02-26T22:58:57.63;0.13099732;226.401;29.65792424532;FILL;BUY;44f2cd9b-6294-4dca-9325-245a49f8534b;USD-ETH
275;53509615;2020-02-26T22:54:04.35;1.629;225.578;367.466562;FILL;SELL;3fb5dc44-506e-422a-90eb-aa1bb0d8a51c;USD-ETH
276;53509614;2020-02-26T22:54:04.35;0.401;225.611;90.470011;FILL;SELL;193b254c-8d62-43af-8b23-f16df3495e6a;USD-ETH
277;53509613;2020-02-26T22:54:04.35;3.0;225.612;676.836;FILL;SELL;0f3c7afe-a50c-4c31-8b3d-24292306bf8d;USD-ETH
278;53509483;2020-02-26T22:51:42.6;0.4;225.878;90.3512;FILL;SELL;aaed4404-0340-4450-9f19-dec70b5e35a9;USD-ETH
279;53509477;2020-02-26T22:51:36.58;0.4;226.1;90.44;FILL;SELL;5ffa8417-7dcb-4dc3-b410-935bb43b4eff;USD-ETH
280;53509476;2020-02-26T22:51:35.5;0.03123345;226.147;7.06335101715;FILL;SELL;c723f869-a27c-4822-9294-bf621a6ec954;USD-ETH
281;53509398;2020-02-26T22:50:17.88;0.4;226.623;90.6492;FILL;SELL;3c8a0776-5754-486e-9580-6f69defa4165;USD-ETH
282;53509392;2020-02-26T22:50:15.41;0.4;226.697;90.6788;FILL;SELL;08cc2ec4-3f01-4dc1-ab5f-2b10ea05a310;USD-ETH
283;53509391;2020-02-26T22:50:15.41;0.03115768;226.697;7.06335258296;FILL;SELL;8117f99d-e7da-4686-8554-f28d22022f35;USD-ETH
284;53509256;2020-02-26T22:48:31.77;5.25355517;226.871;1191.87931497307;FILL;SELL;8703e9c0-6165-4820-a241-ae83e6e5e18d;USD-ETH
285;53508975;2020-02-26T22:42:50.23;0.03232323;228.028;7.37060149044;FILL;SELL;6ed967a4-b55c-41f3-92f3-3cf6772988a0;USD-ETH
286;53508974;2020-02-26T22:42:50.23;0.04;228.028;9.12112;FILL;SELL;d0bbbe2c-9a2f-48c1-bb49-68d2e66c3db0;USD-ETH
287;53508973;2020-02-26T22:42:50.23;0.04848485;228.028;11.0559033758;FILL;SELL;650fd574-b72c-4a22-b63f-5ba96d09fad1;USD-ETH
288;53508796;2020-02-26T22:40:37.87;0.14725287;227.469;33.49546308603;FILL;BUY;8fb1e47d-6e74-4a8a-8a21-cffd726a6f8e;USD-ETH
289;53508795;2020-02-26T22:40:36.89;0.36;227.461;81.88596;FILL;BUY;82945f1d-51dd-4e7a-a1ea-fc94be25d37f;USD-ETH
290;53508793;2020-02-26T22:40:34.23;0.36;227.449;81.88164;FILL;BUY;ec95b4ec-8e74-4262-8f2a-b4989d51dff1;USD-ETH
291;53508691;2020-02-26T22:39:00.28;1.62252465;227.469;369.07405961085;FILL;BUY;390421bc-8c61-4b9b-8f66-d089b6a2cfa0;USD-ETH
292;53508670;2020-02-26T22:38:25.5;0.35511221;227.471;80.77772952091;FILL;BUY;26f27cee-dd76-4830-8522-1e7b90046378;USD-ETH
293;53508655;2020-02-26T22:38:05.03;4.05545072;227.91;924.2777735952;FILL;BUY;019442b4-c7ca-4126-88b9-5fe8ff36e83e;USD-ETH
294;53508654;2020-02-26T22:38:05.03;0.0405;227.748;9.223794;FILL;BUY;83c3fedc-dabe-4e89-be8b-020801ba61bf;USD-ETH
295;53508653;2020-02-26T22:38:05.03;0.28899999;227.471;65.73911672529;FILL;BUY;7789844f-9acb-4c09-b0a8-21c4aec1c889;USD-ETH
296;53508600;2020-02-26T22:37:02.08;1.23091929;226.825;279.20326795425;FILL;SELL;a079fa20-6c1d-4822-909b-e3a202928edd;USD-ETH
297;53508577;2020-02-26T22:36:56.33;0.04404041;227.113;10.00214963633;FILL;SELL;abcdc4df-143b-49e4-ae0d-ab64d612419d;USD-ETH
298;53508576;2020-02-26T22:36:56.33;0.04848485;227.113;11.01153973805;FILL;SELL;1d767eae-19d4-419d-b286-18263e89d39c;USD-ETH
299;53508575;2020-02-26T22:36:56.33;10.0;227.113;2271.13;FILL;SELL;f5c959a1-b881-4ecb-8f45-cdef65829cc2;USD-ETH
